4868 6420
192 351 266 426 ooo
775 344 1211 430 tatsvonnnum
1264 351 1372 430 ura.
1403 350 1466 430 uc
1516 347 1651 426 1545.
1739 315 1771 410 s
2151 357 2226 430 oco

190 521 392 597 Concilium
420 521 615 594 Nicaenum
646 520 807 594 condidit
838 522 939 614 pium
966 534 1002 591 et
1028 521 1180 591 salutare
1232 521 1428 611 Videlicet,
1462 526 1558 620 quod
1587 519 1821 621 certissima')
1849 527 1977 599 veritas
2000 529 2063 614 sit,
2094 533 2217 597 omnes

192 627 411 724 symbolum,
445 629 488 693 ad
511 626 884 716 retinendam'puram
904 621 1093 711 Evangelii
1115 624 1181 690 do·
1230 621 1394 695 homines
1432 652 1473 696 ex
1513 627 1609 696 virili
1649 627 1781 695 semine
1815 643 2020 721 conceptos,
2070 652 2216 698 nascen-

194 730 345 801 ctrinam
362 728 406 794 de
420 726 492 795 filio
501 725 580 800 Dei.
612 724 692 796 Etsi
707 741 824 796 autem
840 726 880 793 in
890 723 1047 818 synodis
1058 746 1181 792 recen·
1232 742 1282 798 tes
1300 729 1438 797 adferre
1456 752 1571 797 secum
1592 741 1772 818 peccatum
1789 729 1953 818 originis,
1977 755 2017 800 ac
2033 743 2215 822 propterea

194 833 285 904 tium
304 842 522 917 temporum,
545 842 579 898 et
596 822 702 896 huius
719 828 862 897 ultimae
881 839 1039 895 senectae
1054 823 1181 892 mundi
1231 853 1355 898 omnes
1371 825 1546 913 homines,
1572 829 1634 920 qui
1653 852 1726 898 non
1741 831 1950 901 adferuntur
1966 833 2011 900 ad
2025 827 2218 916 Christum,

195 955 296 1022 saepe
320 942 472 999 tentatae
501 942 585 999 sunt
607 928 892 1012 reformationes,
924 941 1042 996 tamen
1070 926 1108 995 in
1131 926 1181 993 eis
1233 943 1268 1000 et
1284 954 1358 999 non
1372 943 1625 1019 regenerantur
1646 954 1709 1020 per
1730 931 1944 1022 baptismum
1960 927 2010 1024 ⁸),
2034 936 2218 1004 damnatos

194 1035 317 1122 exigua
332 1032 466 1100 mentio
482 1032 571 1099 facta
588 1043 639 1099 est
653 1030 835 1100 doctrinae
850 1028 1075 1112 necessariae,
1099 1049 1179 1096 cum
1232 1054 1324 1118 esse,
1342 1055 1382 1100 ac
1395 1055 1538 1102 manere
1551 1054 1630 1101 reos
1642 1032 1715 1100 irae
1728 1029 1796 1100 Dei
1810 1047 1983 1109 aeternae.

193 1134 419 1219 manifestum
443 1132 488 1201 sit
508 1132 640 1203 multos
666 1132 797 1203 abusus
823 1129 1021 1222 irrepsisse,
1051 1128 1182 1222 quibus
1333 1130 1433 1206 ltem.
1484 1130 1641 1202 Infantes
1662 1133 1892 1222 baptizandos
1917 1157 2008 1219 esse,
2034 1147 2215 1203 eteorum

194 1234 383 1322 Evangelii
399 1234 460 1303 lux
474 1233 658 1302 obscurata
672 1233 752 1306 fuit.
849 1243 854 1249 ’
1232 1233 1447 1325 baptismum
1466 1234 1603 1324 placere
1623 1231 1717 1318 Dco,
1743 1247 1778 1304 et
1798 1235 1970 1305 efficacem
1992 1259 2084 1315 esse,
2107 1259 2145 1304 ac
2162 1258 2219 1302 re-

283 1335 475 1429 Postquam
494 1347 609 1404 autem
626 1335 826 1404 defensores
843 1331 988 1426 quidam
1005 1330 1180 1401 abusurim
1233 1335 1302 1426 cipi
1319 1335 1430 1403 cosin
1448 1333 1612 1424 gratiam,
1639 1335 1767 1404 donari
1782 1333 1919 1426 Spiritu
1932 1335 1970 1411 S.
1987 1351 2022 1408 et
2043 1335 2120 1406 fieri
2134 1331 2219 1406 hae-

196 1455 278 1513 ante
300 1460 413 1507 annos
437 1437 509 1504 fere
531 1436 675 1525 triginta
700 1435 922 1505 occasionem
944 1435 1184 1525 praebuerunt
1233 1439 1333 1507 redes
1347 1437 1439 1506 vitae
1455 1449 1615 1505 aeternae
1629 1458 1692 1525 per
1708 1437 1933 1527 baptismum.

196 1541 341 1615 taxandi
366 1561 522 1619 errores,
555 1538 746 1607 clementer
765 1533 863 1606 Deus
884 1534 923 1603 iu
951 1529 1017 1604 hac
1040 1532 1183 1624 opinio·
1335 1534 1436 1610 Item.
1486 1535 1673 1606 Peccatum
1697 1537 1844 1627 originis
1861 1562 1934 1608 esse
1953 1539 2218 1623 carentiamiu-
2284 1623 2286 1631 y

193 1668 286 1714 num
320 1640 507 1711 collatione
539 1639 692 1709 restituit
724 1634 911 1727 Evangelii
943 1636 1058 1706 lucem
1076 1628 1112 1730 ⁸)
1144 1633 1183 1700 in
1234 1638 1347 1711 stitiae
1370 1637 1570 1727 originalis,
1602 1661 1691 1730 quae
1718 1639 1867 1711 debebat
1889 1641 2014 1715 inesse.
2064 1637 2113 1711 Et
2132 1635 2219 1710 haec

197 1745 366 1816 omnibus
387 1741 566 1825 articulis,
596 1739 800 1809 necessariis
826 1741 868 1808 ad
900 1738 1048 1807 salutem
1071 1747 1184 1804 aeter·
1234 1741 1389 1811 carentia
1411 1755 1463 1810 est
1479 1752 1613 1824 reatus,
1637 1752 1672 1809 et
1687 1740 1890 1831 depravatio
1903 1742 2035 1812 virium
2052 1738 2220 1826 hominis,

197 1870 302 1925 nam,
328 1844 521 1936 dequibus
544 1837 768 1911 exhibuimus
787 1838 971 1910 Caesareae
993 1837 1081 1911 Mai.
1099 1859 1184 1905 con·
1234 1842 1366 1912 scilicet
1389 1841 1534 1924 mentis,
1557 1840 1748 1911 voluntatis
1775 1853 1809 1911 et
1832 1843 2085 1936 cordis,·quod
2100 1837 2131 1934 9)
2155 1869 2219 1911 vo-

196 1949 386 2020 fessionem
408 1949 586 2034 Augustae
611 1967 705 2013 anno
732 1941 840 2015 1530.
890 1938 933 2008 ln
956 1964 1025 2032 qua
1047 1939 1185 2007 confes-
1234 1943 1352 2013 luntas
1377 1966 1496 2011 aversa
1519 1953 1569 2011 est
1590 1966 1608 2009 a
1626 1939 1720 2022 Deo,
1745 1955 1779 2013 et
1803 1943 1843 2011 in
1856 1944 2037 2015 voluntate
2060 1958 2092 2015 et
2116 1947 2220 2013 eorde

199 2044 305 2125 sione
333 2048 515 2118 doctrinae
548 2045 625 2116 Deo
660 2045 822 2127 iuvante,
868 2039 1185 2132 perseverabimus,
1236 2057 1287 2115 est
1309 2068 1417 2134 prava
1440 2043 1623 2113 inclinatio
1644 2043 1811 2113 adversus
1832 2045 1945 2134 legem
1963 2043 2051 2132 Dei,
2076 2060 2222 2138 propter

200 2155 291 2225 sieut
309 2151 369 2218 illa
387 2151 507 2218 dextre
529 2161 562 2217 et
586 2148 662 2215 sine
684 2145 934 2235 depravatione
956 2141 1185 2230 intelligenda
1237 2170 1325 2238 quae
1340 2146 1444 2229 mala,
1463 2144 1626 2232 videlicet
1641 2158 1786 2236 propter
1801 2159 1936 2216 reatum
1951 2159 1984 2216 et
2001 2147 2219 2217 aversionem

200 2270 265 2340 est,
291 2268 324 2323 et
339 2252 377 2319 in
391 2248 559 2320 Ecclesiis
573 2248 704 2323 nostris
719 2243 941 2334 intelligitur·
990 2241 1073 2313 Non
1091 2240 1186 2309 enim
1236 2233 1386 2315 illam‘a
1419 2245 1511 2330 Deo,
1543 2269 1583 2315 ac
1613 2246 1899 2336 depravationem
1927 2248 2080 2330 virium,
2112 2243 2219 2318 homo
2288 2252 2294 2257 ’

200 2357 404 2429 dubitamus
430 2352 529 2420 illam
559 2351 757 2440 doctrinam
783 2360 985 2416 nostrarum
1009 2340 1185 2414 Ecclesia·
1236 2350 1423 2417 damnatus
1444 2362 1514 2431 est,
1540 2345 1608 2415 nisi
1621 2346 1792 2417 liberetur
1808 2371 1871 2438 per
1884 2351 2196 2436 regenerationem.

201 2485 282 2532 rum
306 2469 400 2525 certo
423 2447 537 2547 esse⁶)
562 2452 718 2535 unicam,
741 2461 937 2530 aeternam,
962 2445 1186 2514 consentien-
1337 2448 1433 2518 Haec
1456 2447 1629 2518 sententia
1647 2447 1723 2518 sine
1743 2449 1818 2519 ulla
1841 2450 2063 2521 dubitatione
2086 2475 2223 2543 semper

200 2577 273 2634 tem
289 2557 487 2628 doctrinam
506 2578 606 2622 verae
629 2568 662 2623 et
685 2547 875 2621 catholicae
891 2543 1066 2616 Ecclesiae
1081 2539 1187 2613 Chri-'
1237 2552 1306 2622 fuit
1324 2546 1514 2620 catholicae
1532 2545 1708 2618 Ecclesiae
1725 2546 1802 2634 Dei,
1826 2545 2097 2641 Prophetarum,
2122 2551 2223 2645 Apo·

202 2665 266 2747 sti,
298 2659 462 2733 traditam
492 2680 555 2746 per
576 2649 788 2745 Prophetas,
822 2645 1004 2720 Christum
1032 2658 1066 2714 et
1087 2642 1187 2734 Apo·
1238 2652 1411 2722 stolorum
1438 2665 1471 2719 et
1493 2651 1705 2739 scriptorum
1717 2645 2045 2722 Ecclesiasticorum
2071 2679 2221 2727 consen·

147 2841 152 2845 .
201 2766 331 2846 scotos,
357 2775 391 2829 et
406 2770 656 2847 congruentem
672 2778 751 2823 cum
772 2749 958 2844 symbolis,
983 2744 1188 2837 Apostoliw
1239 2754 1331 2823 tiens
1354 2753 1535 2835 doctrina,
1567 2752 1611 2818 de
1633 2749 1727 2820 tristi
1756 2764 1791 2821 et
1818 2751 2038 2842 deplorando
2065 2757 2222 2841 vulnere,
2280 2802 2284 2823 ι

203 2882 238 2937 et
256 2865 429 2945 Nicaeno,
453 2875 486 2929 et
502 2858 678 2929 veteribus
691 2855 758 2945 piis
775 2851 942 2947 Synodis,
968 2860 1002 2918 et
1017 2847 1188 2917 sententia
1239 2856 1335 2948 quod
1353 2848 1510 2923 humana
1529 2863 1654 2919 natura
1670 2852 1800 2942 accepit
1816 2852 1854 2921 in
1870 2853 1970 2944 lapsu
1985 2848 2095 2928 Adae.

201 2967 330 3038 veteris
348 2979 383 3034 et
399 2961 552 3054 purioris
566 2957 755 3030 Ecclesiae.
1340 2953 1448 3041 Quod
1461 2976 1544 3020 vero
1562 2951 1674 3044 aliqui
1688 2952 1894 3024 labefactare
1908 2970 2067 3027 nostram
2083 2971 2223 3029 senten-

307 3065 426 3154 Quare
445 3078 477 3133 et
493 3061 726 3130 necessarium
750 3078 822 3125 esse
836 3053 1018 3137 ducimus,
1044 3052 1087 3118 ad
1112 3048 1189 3137 glo·
1239 3056 1324 3125 tiam
1345 3057 1383 3123 in
1405 3050 1471 3123 hoc
1487 3053 1635 3122 articulo
1655 3055 1820 3125 audacter
1841 3071 2048 3144 conantur,
2061 3062 2151 3129 male
2171 3063 2225 3130 fa-

202 3173 278 3243 r'iae
302 3163 683 3243 Deiaittusrrnionem,
708 3161 753 3228 ad
777 3180 895 3226 veram
919 3152 1190 3234 invocationem,
1240 3158 1357 3241 ciunt,
1380 3180 1419 3226 ac
1436 3156 1640 3224 manifestae
1656 3155 1793 3226 veritati
1809 3161 2067 3236 contradicunt,
2092 3175 2124 3231 et
2139 3186 2224 3231 con·
2266 3166 2270 3172 ’

204 3273 412 3343 adsalutem
429 3266 664 3357 plurimorum
679 3257 887 3341 hominum,
910 3257 953 3325 ad
971 3253 1189 3323 excitandam
1239 3260 1382 3327 firmant
1397 3259 1556 3327 tenebras
1576 3255 1613 3323 in
1627 3257 1821 3327 multorum
1834 3261 2027 3345 mentibus,
2053 3287 2097 3331 ne
2116 3286 2225 3352 agno-

206 3390 242 3447 et
264 3371 540 3443 confirmandam
561 3387 681 3433 veram
703 3363 829 3442 fidem,
851 3372 885 3426 al
908 3379 1026 3425 varam
1046 3355 1190 3422 invoca·
1240 3373 1338 3428 scant
1352 3359 1437 3451 quid
1455 3359 1500 3428 sit
1519 3371 1720 3449 peccatum,
1747 3383 1812 3428 nec
1828 3359 1963 3432 discant
1979 3363 2067 3455 quid
2083 3365 2127 3434 sit
2146 3388 2224 3456 gra-

205 3480 340 3552 tionem
364 3472 402 3540 in
424 3467 593 3560 posteris,
618 3479 657 3536 ut
678 3460 850 3533 sententia
865 3456 1047 3528 doctrinae
1061 3474 1191 3524 sonans
1240 3462 1290 3531 tia
1306 3473 1340 3528 et
1356 3463 1454 3532 fides.
1505 3459 1595 3528 Nam
1614 3482 1654 3527 cr
1670 3460 1731 3528 illa
1747 3462 1928 3530 aversione
1945 3461 2075 3548 aDeo,
2100 3467 2225 3535 oriun-

205 3583 248 3651 in
269 3574 434 3648 Ecclesiis
457 3569 604 3652 nostris,
637 3559 887 3654 comprehensa
909 3560 949 3628 in
975 3555 1192 3626 consessione
1241 3575 1300 3630 tur
1316 3558 1402 3629 haec
1417 3560 1574 3648 ingentia
1591 3560 1683 3627 mala
1700 3561 1737 3627 in
1756 3556 1919 3630 humanis
1935 3567 2132 3649 mentibus,
2158 3570 2225 3637 du·

204 3692 329 3753 nostra
361 3691 395 3745 et
420 3667 668 3752 Catechismis,
698 3661 924 3734 concorditer
955 3659 995 3726 in
1026 3656 1193 3726 0111Πὶ11118
1240 3661 1365 3733 bitatio
1380 3663 1424 3730 de
1440 3661 1622 3730 voluntate
1635 3656 1715 3745 Dei,
1744 3662 1911 3732 securitas
1925 3667 2088 3750 carnalis,
2107 3670 2226 3758 negle-

205 3779 375 3856 Ecclesiis
391 3774 521 3868 populo
543 3772 702 3840 tradatur
719 3780 753 3836 et
774 3774 1005 3855 propagetur,
1029 3757 1194 3826 videlicet
1242 3761 1400 3843 ctioDci,
1419 3784 1491 3831 esse
1506 3761 1580 3830 sine
1596 3775 1694 3831 metu
1709 3775 1744 3833 et
1758 3765 1835 3832 sinc
1850 3765 2128 3853 dilectioneDei,
2152 3795 2227 3839 ma-

207 3889 254 3957 de
270 3881 435 3953 omnibus
450 3873 623 3956 articulis,
645 3872 734 3939 sicut
754 3868 792 3936 in
809 3863 971 3958 symbolo
987 3857 1193 3951 Apostolico
1241 3867 1294 3956 gis
1310 3865 1484 3934 confidere
1507 3861 1691 3954 praesidiis
1711 3866 1954 3954 praesentibus
1970 3893 2058 3961 quae
2075 3894 2228 3940 cernun-

208 3985 416 4059 etNicaeno
441 3969 741 4066 comprehensiet
763 3964 899 4036 recitati
922 3974 1022 4048 sunt,
1048 3972 1083 4029 et
1105 3960 1196 4028 sicul
1242 3980 1320 4051 tur,
1350 3989 1455 4057 quam
1475 3964 1650 4055 confidere
1664 3961 1753 4038 Deo.
1804 3963 2003 4037 Fatendum
2027 3983 2077 4039 est
2101 3985 2227 4059 autem,
2287 3999 2295 4021 =

208 4089 267 4160 illi
281 4086 348 4179 ipsi
365 4080 503 4152 articuli
519 4080 558 4146 in
574 4073 749 4144 veteribus
762 4069 831 4160 piis
846 4065 1010 4160 Synodis,
1029 4060 1196 4144 Nicaena,
1226 4068 1227 4071 ’
1243 4064 1329 4137 haec
1345 4065 1500 4156 ingentia
1513 4065 1604 4133 mala
1615 4088 1694 4132 vere
1707 4088 1780 4135 esse
1794 4083 1944 4159 peccata.
1970 4067 2018 4141 Et
2026 4092 2228 4163 repuguan.

208 4181 614 4274 constantinopolitana,
632 4168 834 4265 ‘Ephesina
856 4161 1197 4247 etChalcedoncnsi,
1245 4172 1404 4239 domest
1429 4161 1485 4259 his
1514 4166 1649 4236 morbis
1673 4168 1893 4258 animorum,
1927 4174 2023 4264 quod
2049 4174 2124 4241 fieri
2153 4198 2226 4244 non

191 4267 304 4362 'recte
321 4302 355 4358 et
370 4283 562 4354 necessaria
580 4275 802 4347 enarratione
819 4267 984 4339 illustrati
1003 4279 1096 4338 sunt.
1246 4283 1372 4362 potest,
1392 4269 1575 4338 obscurata
1587 4290 1669 4335 vera
1684 4268 1898 4339 doctrinade
1915 4287 2054 4361 peccato
2070 4275 2227 4363 originis.

270 4422 273 4428 -
314 4387 362 4460 Et
378 4389 422 4457 ad
441 4381 689 4470 intelligendos
708 4372 875 4444 articulos
892 4367 1134 4462 symbolorum
1153 4363 1197 4431 de
1340 4369 1515 4462 Sequitur
1529 4368 1657 4436 deinde
1670 4370 1838 4439 articulus
1852 4371 1896 4440 de
1910 4373 2042 4461 gratia,
2065 4376 2157 4445 etde
2173 4400 2229 4446 re-

212 4490 356 4567 Christo
378 4488 476 4558 etde
498 4481 678 4552 immensis
696 4473 893 4554 beneficiis,
918 4492 1007 4562 quae
1023 4464 1197 4536 Ecclesiae
1244 4472 1413 4542 missione
1434 4484 1673 4562 peccatorum,
1699 4470 1860 4541 videlicet
1875 4475 2042 4566 consequi
2066 4470 2228 4548 homines

212 4589 360 4690 propter
379 4585 561 4661 Christum
589 4585 742 4661 dantur,
771 4573 965 4643 necessaria
987 4581 1038 4638 eal
1060 4580 1094 4636 el
1115 4565 1199 4637 reli·
1246 4572 1489 4643 remissionem
1517 4582 1759 4659 peccatorum,
1791 4572 1955 4662 gratiam,
1989 4588 2026 4644 et
2055 4574 2229 4667 Spiritum

213 4718 366 4793 quorum
387 4688 616 4760 articulorum
632 4703 713 4749 vera
735 4675 908 4766 cognitio,
938 4671 1001 4765 qui
1014 4687 1213 4738 terensem*
1247 4673 1286 4748 S.
1301 4696 1363 4744 seu
1379 4671 1618 4756 reconciliari,
1643 4674 1798 4762 reputari
1820 4674 1931 4744 iustos
1955 4675 2084 4745 etheri
2109 4673 2230 4749 haere-

213 4798 329 4871 turin
346 4790 580 4869 confessione,
606 4786 806 4873 deprecato
823 4774 988 4864 originis,
1015 4772 1058 4839 de
1080 4768 1201 4859 gratia,
1249 4777 1310 4844 des
1330 4775 1423 4842 vitae
1447 4787 1625 4852 aeternae,
1658 4796 1732 4841 non
1756 4787 1900 4866 propter
1923 4776 2046 4847 merita
2068 4782 2232 4870 proprio-

213 4904 261 4972 de
285 4899 373 4980 fide,
407 4889 581 4962 debonis
608 4882 793 4976 operibus,
828 4892 863 4949 111
887 4877 931 4946 da
956 4870 1201 4946 sacramentis·
1248 4900 1329 4947 rum
1346 4873 1580 5044 ¹⁰)fiqperurn,
1613 4874 1672 4941 sed
1702 4889 1847 4968 propter
1874 4877 2104 4949 mediatorem
2125 4878 2232 4954 Chri-

1250 4992 1362 5062 stum,
1438 4997 1650 5065 ernrpsum.
2257 5003 2260 5008 ·

214 5095 440 5118 ..nuno-

251 5232 402 5301 5)1“⁶‘”¹]
420 5226 483 5280 1³²2·
504 5225 676 5278 d⁰⁶ffin⁰m·
1283 5236 1312 5303 7)
1332 5236 1503 5302 certissima]
1521 5232 1584 5287 Per.
1599 5234 1767 5287 abraam.

252 5317 281 5383 v
302 5299 726 5420 1
1285 5323 1314 5388 a>
1333 5321 1516 5387 vnn]

285 5387 338 5505 iiii
350 5373 693 5517 qthqpbqnsuesxqqqq‘lpqqp
705 5383 783 5488 qpeq
796 5382 940 5483 adrianensi
950 5423 1086 5494 consessio
1097 5423 1201 5476 doctri·
1286 5405 1315 5471 9)
1334 5405 1421 5472 qaod]
1440 5402 1503 5456 Per.
1528 5403 1602 5456 Nam
1614 5403 1643 5454 r'n
1656 5411 1750 5456 mente
1761 5411 1805 5456 ert
1817 5405 1905 5471 edr’go
1916 5407 1953 5458 de
1964 5405 2042 5471 Deo,
2060 5417 2096 5461 ee.

287 5522 496 5584 naeaugurrae
509 5527 589 5568 anno
601 5506 686 5567 1530,
699 5519 786 5574 quom
800 5515 858 5553 non
869 5495 1033 5550 dubitamus
1042 5500 1119 5548 certo
1131 5505 1202 5551 ew.
1289 5488 1335 5556 to)
1352 5488 1551 5556 promarum]
1572 5483 1635 5538 1³02·
1653 5485 1802 5539 maram·

216 5601 401 5667 ditatura.
418 5595 523 5659 Orza.
537 5590 620 5691 va.
635 5585 677 5650 V·
1395 5559 1446 5630 89
