4868 6420
193 349 272 423 903

193 515 279 591 Deo
304 515 402 587 aiam
428 524 548 599 tuum.
583 524 615 586 et
638 512 716 613 ipse
727 515 862 616 saciet.
912 514 1045 588 Precor
1066 514 1196 603 Deum,

195 636 238 695 ut
260 636 357 712 regat
377 635 583 692 nostrorum
603 618 812 714 Principum
834 620 984 690 consilia
1008 633 1043 690 et
1062 621 1102 689 iu
1123 619 1201 716 Lyd

198 725 324 795 caonio
340 724 482 814 negotio
498 723 585 793 etin
601 722 692 797 aliis.

298 824 380 896 Dux
400 820 578 895 Prussiae
606 825 703 895 bono
729 825 849 897 studio
872 839 1082 915 agnatorum
1109 848 1198 895 con-

199 929 388 1001 troversias
407 929 574 998 dirimere
597 941 744 999 conatus
768 942 838 1011 est,
866 923 959 1000 aaa&
980 927 1122 1001 oiurauc
1142 921 1198 997 ai-

199 1055 260 1112 νες
274 1026 496 1104 κωλυθέντα
508 1024 678 1129 γοητείας
694 1028 861 1110 enarrate
880 1028 1073 1124 ἄπρακτον
1096 1023 1199 1101 ἀπιέ-

200 1158 276 1208 ναι.
327 1133 431 1204 Nunc
455 1158 550 1204 nova
571 1132 760 1204 transactio
784 1132 995 1207 instituitur.
1030 1135 1092 1204 sed
1113 1126 1200 1202 haec

202 1236 340 1309 omitto.

304 1337 359 1408 De
384 1332 612 1408 Scholasticis
639 1337 790 1427 negotiis
818 1338 937 1428 potius
960 1336 1126 1412 scribam.

305 1432 522 1508 Dichtelius
548 1440 670 1509 minus
700 1441 837 1532 patiens
868 1454 920 1511 est
948 1441 1063 1525 freni,
1094 1462 1201 1534 quam

205 1543 356 1614 debebat
383 1567 474 1628 esse,
508 1543 572 1612 etsi
595 1542 634 1610 in
657 1543 744 1611 meis
767 1542 915 1611 aedibus
937 1545 1116 1616 modestus
1140 1554 1202 1622 est,

205 1648 267 1717 sed
293 1648 460 1715 adversus
482 1644 752 1735 praeceptorem
780 1657 832 1713 est
855 1658 1054 1719 contumax.
1106 1643 1204 1717 Scri-

204 1748 260 1818 bit
275 1751 319 1817 ad
338 1771 413 1831 me,
438 1759 479 1817 ut
491 1742 578 1817 haec
594 1746 761 1838 epistola,
787 1771 893 1839 quam
915 1740 1000 1816 huic
1022 1771 1120 1817 meae
1141 1747 1205 1816 ad-

207 1851 302 1931 didi,
329 1850 494 1923 ostendit.
546 1846 621 1918 Aut
644 1849 753 1939 igitur
768 1850 812 1917 ad
827 1873 891 1918 vos
915 1872 995 1918 cum
1012 1849 1205 1931 accersatis,

208 1965 270 2023 aut
284 1952 386 2022 alteri
401 1950 627 2042 Praeceptori
642 1952 944 2020 commendandus
967 1953 1045 2026 erit.
1095 1951 1136 2023 Si
1160 1952 1205 2020 ab

208 2056 285 2146 ipso
310 2054 503 2146 composita
527 2066 578 2122 est
592 2049 771 2145 Epistola,
797 2053 979 2143 ingenium
994 2054 1027 2124 ei
1043 2078 1118 2124 non
1143 2054 1206 2122 de-

209 2179 282 2226 esse
304 2169 459 2248 apparet.
510 2153 630 2224 Velim
655 2170 689 2226 te
712 2155 864 2224 liberare
886 2169 1008 2225 utrum
1032 2179 1206 2226 accersere

210 2283 290 2328 eum
307 2259 423 2328 velitis
440 2260 484 2326 ad
498 2257 719 2349 inspicienda
736 2258 812 2326 eius
826 2258 955 2333 studia.
1004 2254 1057 2328 Ea
1073 2282 1129 2330 res
1145 2283 1208 2329 cu-

209 2384 286 2431 ram
305 2374 339 2431 et
354 2361 633 2430 sollicitudinem
650 2361 683 2428 ei
698 2361 944 2434 circumdaret.

313 2458 380 2531 Est
397 2456 456 2530 hic
474 2464 678 2532 adolescens
695 2454 873 2530 Michael
891 2455 1116 2549 ChilianuS,
1142 2485 1209 2532 na-

211 2579 269 2636 tus
290 2564 330 2633 in
352 2565 441 2633 urbe
461 2579 576 2634 vestra
602 2589 642 2632 ex
658 2559 858 2660 Spalatini
876 2564 1002 2650 amita,
1027 2566 1124 2635 bono
1150 2566 1209 2633 in-

211 2668 316 2757 genio
341 2667 543 2758 praeditus,
568 2667 631 2758 qui
654 2669 743 2757 petit
759 2667 993 2758 stipendium,
1018 2693 1089 2761 quo
1112 2692 1209 2738 nunc

209 2770 344 2840 fruitur
358 2765 622 2863 Hieronymus.
673 2767 785 2838 Valde
802 2783 836 2838 te
852 2794 934 2853 oro,
958 2784 999 2839 ut
1015 2766 1113 2839 hunc
1126 2765 1210 2839 Mi.

212 2864 375 2942 chaelem
390 2872 554 2951 adiuves,
579 2884 637 2954 ut,
662 2895 743 2940 cum
753 2868 1005 2965 Hieronymus
1021 2873 1210 2965 relinquet,

212 2974 253 3043 in
274 2969 372 3043 hunc
398 2974 609 3043 beneficium
631 2974 814 3062 publicum
836 2976 1049 3045 conferatur.
1100 2973 1209 3046 Mitto

212 3076 281 3149 tibi
293 3075 500 3157 versiculos,
528 3076 590 3169 qui
605 3076 760 3146 citantur
776 3077 816 3144 in
831 3076 1027 3171 Lycurgica
1038 3078 1211 3163 oratione,

214 3179 278 3273 qui
294 3180 385 3249 tede
400 3179 471 3248 tuis
487 3178 666 3247 aerumnis
681 3180 1018 3264 commonefaciant,
1041 3202 1129 3272 quas
1145 3205 1211 3270 pro

213 3280 334 3352 Patria
350 3294 462 3372 etpro
478 3279 635 3350 Ecclesia
652 3281 815 3355 sustines.
866 3280 1011 3351 Mittam
1028 3282 1114 3351 alias
1130 3285 1213 3373 plu-

215 3407 266 3454 ra.
316 3380 415 3453 Bene
433 3383 522 3458 vale.
550 3384 607 3453 die
626 3384 684 3454 12.
700 3378 964 3479 Decembris*).

721 3495 912 3592 Philippus
936 3495 1162 3575 Melanthon.

771 338 1212 419 EPISTOLARUM
1263 342 1371 421 LlB.
1403 341 1473 420 tx.
1526 340 1658 420 1545.

2051 327 2253 426 ,904

1247 521 1287 590 in
1304 519 1437 615 quibus
1451 518 1527 588 nati
1543 504 1647 603 sunt,
1673 538 1781 610 quam
1797 516 1964 588 atrociter
1977 515 2018 586 in
2033 527 2072 586 te
2088 514 2254 602 sevirent,
2298 542 2315 577 a

1249 624 1280 692 si
1295 634 1451 715 possent.
1503 618 1642 690 Vellem
1661 618 1772 709 igitur
1787 633 1822 689 te
1845 644 1910 713 per
1931 620 2069 691 litteras
2085 630 2119 688 et
2134 612 2253 688 homi-

1249 749 1312 794 nes
1328 724 1498 805 idoncos,
1524 734 1642 814 petere
1659 745 1767 814 quam
1785 724 1943 814 primum
1956 717 2004 794 τὰ
2018 713 2165 815 νόμιμα
2173 771 2186 806 ,
2212 732 2256 791 ut

1250 829 1300 899 ita
1323 826 1524 912 nominem,
1551 848 1640 918 quae
1663 825 1740 894 iure
1762 823 1830 894 tibi
1850 826 2037 896 debentur.
2088 820 2185 894 Eam
2209 821 2257 891 ob

1251 954 1328 1000 rem
1352 931 1527 999 utendum
1550 926 1650 997 ducis
1665 919 1857 996 Mauricii
1876 927 2004 997 litteris
2019 948 2159 1000 censeo.
2209 919 2258 994 Et

1252 1033 1283 1101 si
1305 1033 1404 1101 voles
1423 1029 1570 1119 adiungi
1592 1027 1860 1115 Macedonicas,
1894 1025 1959 1099 has
1979 1052 2122 1123 quoque
2144 1027 2258 1119 impc-

1253 1134 1437 1205 trabimus.
1498 1130 1722 1223 Significabis
1744 1131 1855 1221 igitur
1879 1125 1988 1216 mihi,
2021 1130 2112 1224 quid
2134 1131 2257 1199 decre-

1253 1237 1356 1307 veris.
1420 1234 1505 1305 ldeo
1530 1248 1647 1303 autem
1668 1235 1919 1303 maturandam
1939 1257 2015 1302 rem
2043 1256 2193 1318 censeo,
2218 1244 2259 1302 ut

1254 1341 1284 1409 si
1298 1362 1394 1408 nunc
1410 1333 1540 1406 horum
1559 1335 1686 1405 litteris
1702 1359 1777 1405 non
1791 1336 1948 1405 obtineri
1965 1357 2021 1405 res
2037 1335 2191 1428 poterit,
2220 1333 2258 1402 in

1256 1453 1434 1513 conventu
1455 1427 1618 1509 Carolus
1634 1435 1724 1529 lmp.
1738 1439 1903 1523 adeatur,
1928 1439 1991 1509 ubi
2014 1453 2047 1509 te
2066 1450 2102 1508 et
2122 1436 2259 1530 praefe-

1256 1558 1333 1615 ctus
1348 1544 1470 1612 iuvare
1487 1540 1636 1633 poterit,
1663 1554 1697 1611 et
1719 1540 1750 1609 si
1765 1565 1807 1609 co
1820 1564 1971 1625 venero,
1997 1539 2257 1610 commendabo

1257 1668 1414 1716 caussam
1426 1642 1590 1714 Palatino
1605 1634 1651 1710 F
1645 1636 1819 1728 riderico,
1846 1656 1881 1713 et
1903 1643 2001 1726 aliis,
2026 1665 2118 1736 quos
2140 1641 2258 1712 existi-

1258 1750 1361 1839 mabo
1389 1747 1543 1817 fideliter
1573 1767 1650 1814 eam
1683 1758 1823 1815 acturos
1846 1768 1932 1814 esse.
1979 1742 2033 1813 De
2065 1738 2123 1814 his
2154 1745 2259 1814 rebus

1258 1873 1387 1943 quaeso
1402 1847 1539 1943 aliquid
1554 1846 1742 1917 rescribas:
1770 1847 1835 1918 etsi
1849 1848 1946 1917 enim
1965 1848 2068 1916 brevi
2091 1848 2184 1916 istuc
2200 1868 2259 1915 ve-

1258 1955 1375 2036 niam,
1406 1949 1483 2021 Deo
1510 1951 1672 2034 iuvante,
1702 1962 1924 2020 tamencum
1952 1949 2170 2038 cogitatione
2196 1943 2258 2018 ha-

1258 2079 1339 2125 rum
1354 2078 1474 2123 rerum
1488 2052 1683 2122 admodum
1700 2065 1876 2134 exerceat,
1903 2053 1976 2120 imo
1998 2076 2086 2121 vero
2111 2052 2206 2121 iusto
2227 2061 2259 2119 et

1259 2156 1331 2227 acri
1347 2157 1431 2226 odio
1452 2153 1673 2225 crudelitatis
1696 2155 1860 2240 ardeam,
1885 2178 1992 2248 quam
2013 2154 2175 2247 primum
2196 2151 2259 2223 ali·

1259 2259 1348 2354 quid
1364 2262 1409 2328 de
1422 2258 1495 2329 tuis
1513 2256 1672 2327 consiliis
1691 2255 1780 2325 scire
1794 2257 1913 2349 cupio.

1361 2359 1517 2431 Litterae
1545 2354 1615 2429 huc
1637 2353 1809 2427 Hiltneri
1830 2359 1957 2429 missae
1981 2372 2066 2429 sunt
2082 2355 2136 2454 ¹),
2172 2379 2257 2452 quae

1259 2463 1553 2555 significantiam
1578 2456 1777 2530 Brentium
1805 2475 1840 2533 et
1863 2456 2070 2557 Sneppium
2090 2459 2257 2533 Ratisbo-

1260 2591 1344 2636 nam
1358 2565 1509 2638 venisse.
1552 2556 1690 2634 Caroli
1705 2560 1932 2655 Imperatoris
1946 2576 2157 2635 metatorem
2171 2586 2256 2632 non·

1262 2671 1347 2738 dum
1364 2668 1415 2737 ibi
1431 2691 1522 2753 esse,
1547 2690 1613 2737 nec
1636 2665 1739 2753 sciri,
1763 2688 1854 2760 quos
1872 2661 2079 2756 Theologos
2095 2664 2257 2756 delegerit

1262 2774 1306 2842 ad
1324 2770 1556 2863 colloquium.

1363 2870 1467 2942 Hanc
1488 2871 1554 2941 tibi
1570 2870 1756 2962 epistolam
1779 2865 1961 2942 exhibebit
1975 2872 2087 2943 irater
2101 2864 2258 2939 Erasmi

1263 2970 1538 3054 Salveldensis,
1587 2974 1702 3043 nostri
1738 2966 2049 3071 συμφιλοσόφου,
2098 2973 2257 3062 magister

1263 3070 1455 3147 Iohannes
1483 3070 1755 3163 Salaeldensis,
1789 3077 1853 3169 qui
1878 3089 2006 3147 natura
2028 3078 2076 3146 ad
2098 3071 2258 3145 Philoso-

1263 3175 1404 3272 phiam,
1427 3204 1502 3248 non
1524 3178 1642 3272 minus
1658 3204 1765 3272 quam
1779 3181 1888 3249 frater
1904 3180 2068 3260 ducitur,
2103 3192 2140 3249 et
2163 3199 2257 3247 exor-

1265 3284 1323 3351 dia
1347 3283 1523 3374 praeclare
1548 3295 1662 3366 tenet,
1687 3284 1748 3350 sed
1771 3293 1875 3373 pater.
1885 3282 1962 3352 vult
1978 3306 2059 3350 eum
2085 3281 2188 3350 illam
2210 3301 2260 3347 sa-

1265 3385 1434 3477 pientiam
1447 3389 1526 3455 raia
1540 3380 1744 3455 δικανικῶν
1761 3383 1914 3468 discere,
1941 3408 2050 3476 quam
2064 3384 2181 3453 solam
2200 3404 2260 3472 pu-

1265 3502 1343 3558 tant
1363 3485 1573 3575 Quiritibus
1588 3486 1731 3575 dignam
1754 3508 1839 3561 esse.
1891 3483 1976 3555 ldeo
2004 3486 2166 3557 traducit
2187 3506 2262 3553 eum

1264 3588 1434 3680 Lipsiam.
1499 3587 1640 3677 Quaeso
1676 3602 1796 3659 autem
1827 3602 1868 3661 ut
1901 3611 1983 3658 eum
2015 3587 2259 3682 complectare.

1266 3689 1357 3761 Nam
1374 3705 1409 3760 et
1424 3703 1635 3760 ornamento
1652 3703 1687 3759 et
1703 3689 1880 3781 praesidio
1895 3689 2056 3759 sibilare
2074 3688 2262 3760 amicitiam

1269 3806 1364 3863 tuam
1381 3807 1506 3884 sperat.
1540 3790 1622 3863 Scio
1638 3806 1756 3862 autem
1775 3806 1808 3862 te
1823 3805 1858 3863 et
1875 3792 2060 3880 ingenium
2078 3792 2159 3861 eius
2179 3789 2261 3859 etin

1119 3943 1124 3954 ·
1207 3942 1215 3959 .
1268 3895 1367 3964 omni
1389 3895 1527 3966 actione
1544 3895 1824 3965 moderationem
1846 3917 1991 3985 prorsus
2003 3888 2150 3987 ἠθικὴν
2165 3892 2262 3960 valde

492 4068 639 4152 Ioacle.
675 4064 935 4153 Camerario.

263 4246 348 4319 Epist.
367 4249 400 4302 ad
420 4249 558 4304 Camerar.
576 4269 603 4320 p.
618 4249 669 4323 §46
687 4269 726 4321 sq.
746 4249 805 4319 (ed.
823 4251 913 4306 Lond.
925 4252 973 4306 lib.
986 4251 1036 4306 lV.
1055 4270 1097 4323 ep.
1117 4253 1198 4319 694.).

219 4397 446 4478 Clarissimo
473 4408 550 4479 viro
572 4403 774 4480 eruditione
800 4422 832 4481 et
854 4410 982 4481 uirtute
1006 4411 1219 4508 praestanti

232 4504 261 4578 I
267 4504 481 4582 oachimo
507 4501 783 4584 Camerario
807 4510 1051 4615 Pabergensi,
1084 4515 1203 4587 amico

599 4637 668 4684 suo
700 4639 829 4690 carrss.

220 4722 263 4813 S.
288 4740 334 4818 D.
386 4743 503 4813 Multa
519 4746 670 4833 cogitavi
693 4744 749 4817 his
767 4750 892 4819 diebus
907 4752 951 4820 de
967 4750 1037 4820 tuis
1052 4750 1217 4834 inimicis,

221 4846 447 4916 meminimus
465 4847 560 4915 enim
578 4873 685 4940 quam
699 4852 827 4921 stolide
843 4852 1031 4937 eluserint,
1058 4855 1119 4922 sed
1141 4853 1217 4922 elu-

222 4939 334 5017 serint
363 4961 483 5017 tamen
515 4952 687 5040 promissa
719 4956 762 5022 de
795 4956 902 5024 fratre
927 4953 1215 5027 Ratisbonensia.

224 5048 311 5120 Sum
329 5051 436 5139 igitur
459 5052 496 5119 in
514 5067 620 5125 metu.
672 5050 778 5146 Apud
798 5052 1045 5149 Hipparchum
1060 5073 1093 5127 ct
1109 5057 1216 5151 Poly-

223 5165 354 5220 cratem
370 5151 557 5222 Anacreon
574 5155 612 5223 in
627 5150 762 5225 honore
783 5160 866 5240 luit,
893 5161 1095 5230 Simonides
1111 5161 1214 5229 etiam

223 5256 316 5345 apud
330 5249 568 5330 Phalaridem.
613 5255 676 5326 lsti
692 5285 776 5330 vero
792 5261 863 5330 illis
879 5263 1029 5354 rupibus
1044 5263 1216 5349 duriores,

223 5443 452 5458 *—

254 5549 283 5617 ¹⁸¹)
304 5547 401 5603 Annus
419 5549 487 5604 15t5
505 5550 557 5604 alia
576 5571 672 5608 manue
689 5553 842 5625 adscriptus
861 5563 909 5611 est.

1267 3998 1500 4088 probaturum
1519 4018 1602 4069 csse.
1650 3994 1748 4066 Bene
1764 4009 1800 4066 et
1811 3996 1961 4065 feliciter
1976 3997 2068 4070 vale.
2113 3993 2264 4065 Postrid.

1267 4095 1434 4172 Brumae.
1486 4097 1604 4168 Tuam
1629 4101 1815 4191 epistolam
1835 4100 1880 4166 ad
1904 4093 2153 4167 Secretarium
2172 4089 2265 4165 Pru·

1268 4199 1424 4269 terricum
1441 4200 1627 4290 scriptam,
1661 4202 1742 4271 misi
1757 4202 1800 4271 ad
1824 4201 1949 4272 urbem
1973 4195 2180 4295 ἐπώνυμον
2202 4196 2264 4292 ἄρ-

1268 4329 1360 4376 κτου
1373 4302 1492 4399 &neoc
1521 4301 1549 4395 )
1832 4402 2023 4497 Philippus
2037 4399 2220 4475 Melanth

1282 4652 1497 4661 mm·-
1506 4653 1569 4659 -vv--u
1578 4653 1583 4658 -
1590 4652 1696 4658 ---—--—-.
1706 4649 1878 4659 —-—--—-—-n
1886 4643 2261 4659 -n-—n-—n—-ffl

1282 4804 1349 4877 No.
1367 4805 1479 4878 3331.

1278 4901 1450 4931 Μ

1463 4990 1689 5072 Pantanus
1719 4987 1782 5080 ad
1810 4988 2066 5071 Electorem.

1302 5150 1368 5217 †Ex
1382 5148 1672 5222 autographoPontani
1686 5147 1797 5204 inActis
1804 5146 2002 5204 Tabulvinar.
2009 5146 2115 5217 lligstr.
2123 5145 2159 5206 ll.
2174 5145 2267 5222 pout.

2102 4815 2161 4878 18.
2180 4806 2249 4872 Dec.

2095 4899 2262 4929 Μ

1273 5299 1483 5312 m

1305 5392 1331 5458 1)
1351 5388 1414 5442 Vid.
1430 5407 1474 5442 cas
1492 5407 1574 5457 supra
1594 5385 1620 5441 d.
1637 5387 1660 5439 l.
1673 5385 1797 5455 Docta,
1815 5395 1840 5439 et
1859 5382 2002 5457 epistolam
2018 5382 2142 5442 Pontani
2161 5387 2196 5443 nd
2209 5385 2270 5442 Ele·

1339 5470 1443 5513 ctorem
1459 5457 1529 5511 inlra
1543 5456 1571 5510 d.
1590 5456 1630 5509 18.
1645 5455 1732 5511 Decb.

1303 5546 1333 5616 2)
1352 5542 1524 5598 Berolinum.
1561 5541 1594 5597 C.
1607 5540 1665 5596 W.
