4868 6420
89 286 92 290 ’
201 313 276 387 aas

202 512 304 585 posse
328 488 408 556 illas
429 506 486 555 res
510 508 576 556 nee
601 507 701 577 posse
725 483 879 577 pretium
902 484 1050 556 solvere.
1101 479 1145 551 ld
1168 479 1198 550 si

205 595 254 663 ita
271 605 334 677 est,
354 590 482 659 rectius
495 589 636 673 faceret,
660 588 689 656 si
706 611 851 679 prorsus
866 586 999 658 relictis
1017 586 1088 654 illis
1096 608 1201 677 prae·

92 782 95 789 ι
206 686 277 766 ‹tiis'
296 693 426 763 rediret
451 692 489 759 in
506 689 719 780 Turingiam
742 693 786 759 ad
810 704 976 779 cognatos
1000 703 1034 759 et
1056 688 1201 759 adfines.

207 797 301 870 Nam
318 796 348 866 si
361 809 495 887 sperat,
523 808 688 883 cognatos
706 808 766 863 aut
781 793 915 862 adfines
929 817 995 884 pro
1012 793 1087 882 ipsa
1104 791 1202 861 solu·

209 915 309 972 turos
326 922 416 981 esse,
440 911 513 967 tota
529 897 587 966 via
602 908 705 969 errat.
756 892 805 966 Et
821 897 934 987 ipsam
950 896 1077 965 stultae
1090 916 1130 991 ac
1143 895 1202 963 fu-

207 1002 323 1073 riosae
345 999 578 1088 obligationes
604 999 673 1067 viri
696 994 790 1066 nihil
811 1000 982 1088 obligant.
1041 994 1202 1066 Obsecro

209 1129 291 1183 vos,
318 1106 398 1173 date
415 1102 446 1170 ei
464 1127 501 1170 re
516 1102 636 1172 audita
654 1100 854 1172 consilium.
905 1100 1023 1183 Utile,
1049 1113 1082 1167 et
1098 1099 1202 1167 credo

209 1207 438 1277 utilissimum
457 1205 490 1273 ei
507 1229 591 1286 esse,
616 1204 817 1295 relinquere
834 1204 897 1271 illa
912 1205 1017 1289 bpna,
1041 1226 1106 1292 pro
1122 1199 1204 1294 qui-

91 1348 93 1353 ·
209 1310 278 1378 bus
292 1333 367 1378 non
384 1320 500 1398 potest
513 1308 649 1376 solvere
662 1306 827 1397 pretium.
867 1303 921 1374 De
934 1305 1006 1372 filia
1024 1327 1205 1372 commen-

211 1413 327 1481 danda
345 1410 487 1498 coniugi
510 1409 696 1477 reverendi
712 1406 757 1480 D.
771 1407 936 1478 Doctoris
952 1401 1127 1476 Martini
1147 1406 1205 1473 ni-

211 1507 266 1581 hil
288 1513 353 1602 egi.
397 1510 496 1601 ¹Nam
520 1534 582 1600 ego
615 1535 696 1578 eum
720 1535 867 1580 onerare
886 1535 959 1580 non
983 1509 1076 1580 volo.
1126 1504 1203 1597 Ego

212 1616 308 1685 side
330 1637 410 1683 meo
433 1614 564 1682 servire
586 1635 729 1704 possum
750 1612 893 1682 mulieri
917 1625 979 1682 aut
1004 1611 1117 1695 filiae,
1151 1611 1205 1679 fa-

213 1718 320 1803 ciam,
346 1740 411 1785 nec
427 1739 622 1785 recusarem
640 1721 715 1783 ea‘m
732 1715 906 1807 recipere,
933 1714 963 1783 si
979 1716 1023 1782 ad
1039 1738 1095 1781 me
1121 1712 1205 1783 mit-

212 1832 311 1893 teret.
360 1817 458 1888 Bene
473 1819 561 1892 vale.
612 1815 680 1888 Die
698 1820 815 1908 primo
831 1815 1053 1888 Novembris.

1013 1916 1052 1992 P.
1076 1915 1129 1986 Μ.

662 374 665 379 ,
775 303 1212 384 nnrsrocsnuu
1269 303 1379 382 nra.
1411 304 1476 384 rx,
1511 284 1663 383 ‘cata

2173 302 2248 378 ost

1255 473 1300 552 V
1294 473 1479 550 enerando
1496 475 1592 567 viro,
1612 474 1815 550 eruditione
1832 487 1865 548 et
1879 475 2017 576 pietate
2029 475 2248 576 praestanti,

1250 577 1307 656 D.
1333 575 1581 657 Friderico
1603 579 1847 679 Myconio,
1880 575 2039 652 Pastori
2063 577 2247 651 Ecclesiae

1329 681 1409 753 Dei
1430 683 1469 754 in
1485 683 1620 784 oppido
1639 681 1789 767 Gotho,
1816 682 2011 756 carissimo
2027 680 2176 785 fratri,

1253 830 1298 924 S.
1323 849 1369 927 D.
1402 849 1594 922 Carissime
1609 849 1802 935 Friderice,
1827 864 1974 944 propter
1986 851 2088 922 urbis
2104 863 2246 933 vestrae,

1255 981 1346 1048 quae
1365 969 1457 1024 certe
1471 968 1523 1026 cst
1538 950 1733 1048 hospitium
1743 950 1922 1024 Ecclesiae
1933 934 2013 1037 Dei,
2035 951 2245 1046 etPraesepe

1255 1056 1410 1142 Christi,
1435 1058 1660 1144 incendium,
1684 1079 1814 1145 magno
1837 1058 1961 1126 dolore
1980 1056 2130 1129 afficior.
2181 1055 2244 1127 Sed

1256 1174 1413 1231 sustento
1437 1184 1494 1228 me
1515 1159 1728 1250 cogitatione
1752 1154 1945 1259 voluntatis
1966 1157 2057 1242 Dei,
2090 1157 2244 1252 quivult

1256 1262 1452 1333 Ecclesiam
1471 1259 1606 1344 †suam
1615 1260 1630 1284 ”
1640 1257 1667 1356 ¹)
1690 1261 1883 1331 subiectam
1903 1284 1976 1330 esse
1999 1261 2114 1330 cruci:
2142 1273 2176 1330 et
2194 1273 2242 1330 ta-

1257 1390 1339 1435 men
1355 1389 1431 1434 eam
1447 1378 1564 1434 servat
1580 1364 1803 1436 mirabiliter.
1861 1361 1965 1434 Nunc
1983 1377 2100 1434 totum
2115 1386 2245 1454 corpus,

1258 1469 1294 1537 id
1313 1482 1364 1537 est
1379 1467 1561 1539 universas
1579 1464 1728 1536 Politias
1745 1466 1780 1536 el
1795 1462 1972 1536 Ecclesias
1989 1462 2120 1535 harum
2137 1465 2244 1556 regio-

1258 1596 1346 1640 num
1363 1572 1554 1640 clementer
1569 1569 1748 1653 defendit,
1774 1592 1932 1659 represso
1951 1582 2106 1663 tyranno
2126 1562 2244 1637 Brun·

1256 1670 1426 1745 suicensi.
1479 1670 1520 1740 ld
1543 1671 1753 1742 beneficium
1782 1672 1872 1761 grati
1899 1672 2135 1744 celebremus.
2183 1669 2245 1742 Sed

1258 1801 1302 1845 ne
1320 1776 1453 1845 laetitia
1471 1775 1679 1859 efferamur,
1705 1796 1828 1841 rursus
1850 1774 2010 1863 castigari
2029 1787 2169 1866 partem
2188 1773 2245 1842 ali-

1259 1904 1365 1971 quam
1376 1873 1405 1967 ²)
1427 1876 1532 1958 sinit,
1558 1901 1603 1946 ne
1619 1875 1731 1946 securi
1749 1890 1782 1946 et
1797 1868 1927 1964 segnes
1940 1877 2049 1946 nobis
2069 1875 2247 1965 indulgea-

1257 2005 1348 2055 mus.
1400 1977 1498 2049 Haec
1520 1982 1564 2049 ad
1585 1979 1743 2069 regulam
1767 1979 2001 2049 conveniunt:
2035 1974 2196 2046 visitabo
2214 1974 2247 2047 in

1051 2121 1066 2128 -
1136 2120 1196 2127 2-
1259 2080 1365 2175 virga
1390 2078 1605 2178 iniquitates
1636 2103 1781 2156 eorunm
1815 2074 2112 2151 misericordiam
2135 2088 2248 2150 autem

536 2424 585 2516 P.
614 2418 886 2516 Medmanno.

282 2608 361 2664 Edita
381 2607 411 2662 in
429 2608 458 2664 S.
477 2600 551 2663 Alb.
571 2607 728 2662 Gabbemae
746 2606 825 2681 epist.
845 2607 945 2664 claror.
966 2606 1049 2662 viror.
1068 2624 1094 2678 p.
1110 2609 1152 2663 80.

349 2761 415 2836 Ad
436 2763 491 2839 D.
517 2760 703 2837 Petram
730 2759 1076 2841 Medmannum.

211 2877 299 2972 Deo
315 2916 458 2972 aeterno
475 2901 573 2971 Patri
588 2900 737 2971 Domini
752 2900 865 2970 nostri
880 2898 959 2970 lesu
972 2895 1108 2971 Christi
1124 2923 1205 2989 gra-

212 3005 278 3074 tias
293 3029 378 3095 ago,
403 3006 499 3099 quod
515 3028 672 3096 repressa
687 3002 851 3097 Lycaone
864 3000 1039 3072 Ecclesias
1055 3017 1090 3074 et
1105 3001 1205 3071 Poli-

211 3107 278 3177 tias
307 3103 434 3179 harum
462 3109 648 3197 regionum
678 3106 847 3175 defendit.
911 3104 1057 3176 Utinam
1084 3119 1203 3176 autem

211 3224 358 3280 eventus
385 3211 490 3281 etiam
516 3210 595 3278 aliis
622 3208 779 3300 pericula
810 3207 957 3295 mitiget.
1007 3204 1107 3277 Mihi
1128 3232 1203 3278 non

212 3327 295 3382 sunt
323 3325 408 3382 nota
435 3312 637 3404 principum
665 3309 829 3380 consilia:
864 3307 913 3385 Et
937 3335 1123 3402 nunquam
1149 3311 1201 3380 fui

210 3438 333 3484 suasor
347 3416 530 3500 sumendi,
556 3414 626 3483 nisi
642 3437 780 3483 necesse
797 3424 896 3494 esset,
921 3413 1011 3484 sicut
1027 3413 1145 3481 iudico
1162 3414 1201 3482 in

208 3519 435 3608 reprimendo
458 3517 624 3612 Lycaone
646 3540 728 3586 vere
755 3515 985 3584 necessariam
1009 3531 1044 3587 et
1070 3516 1200 3585 iustam

208 3621 451 3690 defensionem
481 3634 676 3711 susceptam
706 3641 789 3688 esse.
839 3610 1044 3688 Francisco
1075 3615 1120 3692 V
1115 3615 1199 3687 ina-

210 3721 326 3791 riensi
344 3724 487 3814 scripsi,
519 3736 561 3793 ut
582 3721 731 3813 petiisti,
763 3745 828 3790 nec
853 3721 1037 3809 obsignavi
1054 3721 1199 3791 litteras.

205 3824 330 3913 Quare
352 3827 451 3917 prius
476 3849 532 3895 eas
556 3826 679 3915 legito:
713 3837 763 3908 et,
786 3823 816 3892 si
837 3824 1035 3908 videbitur,
1060 3819 1197 3898 exhibe.

206 3926 425 4018 Magnopere
450 3943 484 3997 te
506 3953 588 4013 oro,
620 3926 793 4016 significes
814 3919 905 3993 mihi
930 3949 991 4016 per
1011 3922 1107 3995 hunc
1130 3951 1197 3995 no-

205 4044 319 4102 strum
336 4030 581 4114 tabellarium,
615 4055 705 4123 quae
722 4029 767 4099 sit
783 4027 905 4119 opinio
921 4030 1137 4120 prudentum
1153 4032 1197 4098 de

205 4147 403 4218 conventu,
436 4135 497 4227 qui
526 4131 744 4206 Ratisbonae
774 4154 894 4199 mense
919 4128 1108 4203 Decembri
1138 4133 1196 4200 in-

204 4231 389 4307 choandus
404 4237 597 4306 dicebatur.
650 4234 759 4303 Mitto
775 4233 841 4302 tibi
856 4233 1115 4304 oratiunculam
1131 4230 1197 4303 ha-

203 4339 336 4424 bitam,
369 4362 450 4407 cum
474 4362 590 4429 nuper
618 4332 676 4406 hic
704 4359 804 4405 esses.
856 4334 960 4404 ·Bene
985 4336 1196 4408 et'feliciter

203 4442 295 4510 vale.
346 4440 404 4509 dic
430 4437 475 4509 ll.
489 4438 623 4510 Novbr.
674 4435 870 4531 Epistulam
888 4439 987 4507 illam
1005 4454 1157 4508 veterem
1175 4464 1194 4508 a

203 4557 238 4614 te
254 4542 438 4636 scriptam,
463 4543 563 4613 cuius
579 4538 637 4612 hic
651 4543 868 4613 mentionem
883 4540 1054 4626 faciebas,
1071 4567 1195 4634 nuper

176 4645 331 4739 accepi.

655 4742 847 4840 Philippus
868 4741 1094 4816 Melanthon.

196 4945 736 4960 --.---·.···.--...--..--.--—-—-
753 4944 926 4953 ...„..0—n.
944 4945 1034 4952 ...m-
1045 4946 1151 4953 ..-,.......
1163 4947 1190 4955 .-

196 5071 264 5145 Νο.
280 5069 393 5144 8808.

195 5168 406 5198 Μ

1046 5084 1078 5144 6.
1102 5075 1183 5145 Nor.

1024 5167 1195 5195 Μ

552 5269 602 5367 F.
628 5268 840 5378 Myconio.

164 5520 172 5527 ³
261 5443 537 5585 Ecptassbsnegassio
556 5464 599 5517 ep.
617 5446 661 5500 63.
683 5442 789 5500 contuli
809 5443 912 5514 Apogr.
933 5441 961 5498 in
981 5444 1044 5500 cod·
1060 5444 1156 5500 Mebn.
1170 5447 1190 5502 l.
1216 5414 1223 5563 Ι

1257 2208 1377 2253 meam
1402 2208 1476 2254 non
1494 2179 1704 2279 dispergam
1726 2181 1774 2250 ab
1797 2181 1860 2251 eis.
1909 2181 1987 2253 Hac
2010 2184 2249 2253 consolatione

1258 2301 1291 2358 te
1308 2301 1343 2358 et
1356 2286 1550 2358 Ecclesiam
1569 2300 1665 2355 tuam
1682 2285 1826 2374 erigito,
1852 2299 1887 2355 et
1901 2309 2047 2355 oremus
2061 2283 2193 2370 Deum,
2216 2300 2250 2356 ut

1258 2415 1332 2458 non
1350 2392 1517 2460 accendat
1532 2402 1643 2459 totam
1663 2388 1753 2457 iram
1767 2412 1885 2474 suam,
1910 2388 2029 2456 sedin
2046 2388 2102 2459 ira
2120 2388 2250 2457 miseri·

1258 2493 1398 2562 cordiae
1414 2515 1497 2561 suae
1512 2491 1729 2590 recordetur,
1752 2504 1897 2582 propter
1909 2488 2050 2563 Filium
2065 2514 2173 2561 snum
2184 2488 2249 2560 Do-

1258 2597 1396 2664 minum
1411 2607 1574 2766 nospum
1590 2590 1705 2662 lesum
1722 2587 1923 2679 Christum3
1946 2606 1986 2662 ut
2007 2606 2201 2665 serventur
2216 2594 2251 2662 in

1258 2693 1315 2766 his
1340 2696 1477 2787 regioni
1506 2722 1547 2767 us
1568 2695 1740 2788 reliquiae
1764 2691 1960 2775 Ecclesiae,
1986 2708 2024 2764 et
2043 2721 2124 2765 non
2146 2695 2251 2766 extin-

1257 2814 1386 2889 guatur
1402 2801 1463 2871 lux
1479 2823 1583 2869 verae
1599 2798 1792 2871 doctrinae.
1829 2794 1865 2867 Ο
1878 2795 1950 2866 Fili
1963 2796 2034 2867 Dei
2051 2796 2137 2870 lesu
2151 2794 2252 2870 Chri-

1257 2917 1328 2986 ste,
1353 2903 1516 2972 crucifixe
1539 2926 1603 2992 pro
1635 2901 1740 2970 uobis
1763 2912 1797 2970 et
1825 2901 2053 2987 resuscitate,
2084 2894 2176 3000 λόγε
2196 2895 2252 2973 sai

1256 2999 1368 3076 stada
1382 2999 1509 3076 ἀϊδίου
1523 2998 1680 3099 πατρὸς,
1709 3002 1772 3096 qui
1795 3003 1885 3071 iram
1900 3001 1969 3073 Dei
1984 3003 2175 3094 ingentem
2194 3005 2250 3073 ad·

1255 3132 1378 3177 versus
1400 3123 1521 3180 nostra
1543 3119 1684 3198 peccata
1706 3105 1745 3173 in
1768 3119 1801 3175 te
1818 3105 2005 3190 derivasti,
2033 3120 2072 3177 et
2094 3131 2134 3176 es
2148 3108 2251 3177 factus

1255 3211 1477 3302 propitiator,
1503 3210 1668 3279 miserere
1685 3208 1799 3279 nostri
1816 3221 1850 3276 et
1868 3207 2049 3278 intercede
2066 3234 2136 3302 pro
2154 3209 2251 3280 nobis

1255 3317 1349 3403 apud
1365 3327 1547 3382 aeternum
1565 3311 1721 3381 Patrem:
1746 3334 1826 3400 rege
1841 3324 1877 3381 et
1895 3335 1994 3379 serva
2010 3336 2091 3385 nos.
2148 3310 2251 3383 Datae

1253 3416 1289 3490 6.
1306 3415 1529 3487 Novembris.
1577 3412 1676 3483 Bene
1698 3413 1775 3482 vale
1790 3427 1824 3482 et
1840 3409 2044 3509 rescribe³).

1753 3574 1943 3673 Philippus
1970 3576 2208 3654 Melanthon.

1260 3982 1327 4056 No.
1344 3982 1454 4054 3309.

1256 4083 1468 4115 Μ

1496 4251 1502 4260 .
1528 4181 1676 4267 Ioacb.
1703 4176 1966 4266 Camerario.

1317 4359 1402 4430 Epist.
1422 4358 1455 4412 ad
1471 4357 1610 4413 Camerar.
1627 4377 1655 4424 p.
1671 4356 1721 4410 688
1740 4378 1782 4430 sq.
1802 4357 1856 4425 (ed.
1871 4357 1958 4412 Lond.
1978 4354 2027 4410 lib.
2043 4357 2095 4411 tV.
2111 4379 2158 4431 ep.
2172 4361 2250 4427 687.).

1350 4462 1385 4474 ..
1403 4429 1590 4508 Apograpbon
1608 4425 1637 4479 in
1657 4426 1891 4481 caussantes.
1913 4447 1939 4497 p.
1957 4427 2015 4481 128.
2034 4429 2086 4482 ubi
2103 4430 2248 4484 recentiori

1350 4517 1432 4551 manu
1450 4501 1619 4568 adscriptum
1638 4507 1695 4549 est:
1724 4496 1912 4565 Meiendurgo.

1186 4688 1190 4695 ⁵
1250 4688 1448 4701 Μ

1285 4831 1310 4899 l)
1328 4828 1413 4884 Addit
1434 4826 1497 4881 cod.
1518 4827 1612 4882 Mehn.

1282 4930 1311 5000 2)
1329 4933 1468 5000 aliquam]
1488 4929 1550 4983 cod.
1570 4927 1663 4982 Mehn.
1683 4899 1832 5000 obliquam.

1283 5028 1312 5100 8)
1331 5029 1395 5082 ”Ad
1415 5028 1566 5100 marginem
1590 5025 1670 5079 buius
1690 5027 1817 5097 epistolae
1837 5025 1986 5098 Myconius
2010 5045 2062 5082 stra
2082 5047 2167 5083 manu
2186 5031 2246 5085 baec

1317 5119 1346 5153 se
1368 5099 1458 5153 nentia
1483 5097 1640 5167 adscripsit:
1678 5097 1779 5166 „„qui
1803 5097 1869 5150 mihi
1893 5096 1941 5149 has
1965 5095 2062 5152 literas
2088 5100 2246 5164 attulerunt,

1317 5120 1486 5223 reierebant:
1509 5166 1583 5247 hunc
1601 5166 1639 5247 S..
1649 5163 1744 5220 Virum
1758 5165 1988 5248 ,(Ζοιιιΐεειοηῐιι,Ι
2000 5166 2161 5222 Dominum
2181 5170 2244 5224 Pti-

1318 5239 1442 5309 lippum,
1471 5236 1564 5288 audito
1594 5235 1673 5287 buius
1706 5237 1779 5316 urbas
1809 5235 1952 5329 inqendio,
1980 5232 2192 5318 qllacrymasse,
2221 5248 2246 5292 et

1314 5374 1580 5447 propterecclesiam
1600 5383 1626 5426 et
1644 5325 1814 5429 scholashiseic
1831 5304 2244 5447 riririislrtiilliiielheasndililgrellshli

1314 5443 1502 5527 ‘lffiheffll'a
1527 5442 1703 5524 annon-1545.
1729 5443 1824 5496 ultima
1843 5442 1992 5506 Octobris,
2024 5453 2052 5496 et
2077 5445 2133 5499 fuit
2152 5446 2243 5500 triduo

1314 5516 1451 5569 silentium
1470 5534 1497 5567 ru
1518 5511 1639 5567 ecclesus
1657 5520 1684 5566 et
1702 5511 1854 5587 schola.„”
1897 5513 1980 5581 (Nota
1998 5511 2179 5583 senegaune.)

1315 5316 1377 5380 post
1402 5307 1534 5376 lacrymas
1559 5304 1625 5357 haec
1651 5304 1705 5358 scri
