<?xml version="1.0" encoding="UTF-8"?>
<!DOCTYPE html PUBLIC "-//W3C//DTD XHTML 1.0 Transitional//EN"
    "http://www.w3.org/TR/xhtml1/DTD/xhtml1-transitional.dtd">
<html xmlns="http://www.w3.org/1999/xhtml" xml:lang="en" lang="en">
 <head>
  <title>
</title>
<meta http-equiv="Content-Type" content="text/html;charset=utf-8" />
  <meta name='ocr-system' content='tesseract 3.04.00' />
  <meta name='ocr-capabilities' content='ocr_page ocr_carea ocr_par ocr_line ocrx_word'/>
</head>
<body>
  <div class='ocr_page' id='page_1' title='image "./philippimelanth13melagoog/philippimelanth13melagoog_0172.png"; bbox 0 0 4868 6420; ppageno 0'>
   <div class='ocr_carea' id='block_1_1' title="bbox 198 333 275 411">
    <p class='ocr_par' dir='ltr' id='par_1_1' title="bbox 198 333 275 411">
     <span class='ocr_line' id='line_1_1' title="bbox 198 333 275 411; baseline -0.013 -2"><span class='ocrx_word' id='word_1_1' title='bbox 198 333 275 411; x_wconf 81' lang='grc'>508</span> 
     </span>
    </p>
   </div>
   <div class='ocr_carea' id='block_1_2' title="bbox 198 492 1191 1208">
    <p class='ocr_par' dir='ltr' id='par_1_2' title="bbox 198 492 1191 1208">
     <span class='ocr_line' id='line_1_2' title="bbox 202 492 1191 598; baseline -0.022 -17"><span class='ocrx_word' id='word_1_2' title='bbox 202 508 283 580; x_wconf 88' lang='lat' dir='ltr'>stris</span> <span class='ocrx_word' id='word_1_3' title='bbox 304 500 525 598; x_wconf 90' lang='lat' dir='ltr'>principibus</span> <span class='ocrx_word' id='word_1_4' title='bbox 553 519 635 588; x_wconf 85' lang='lat' dir='ltr'><strong>sepe</strong></span> <span class='ocrx_word' id='word_1_5' title='bbox 661 495 737 564; x_wconf 91' lang='lat' dir='ltr'>sine</span> <span class='ocrx_word' id='word_1_6' title='bbox 768 517 871 564; x_wconf 88' lang='lat' dir='ltr'>causa</span> <span class='ocrx_word' id='word_1_7' title='bbox 899 516 1026 583; x_wconf 87' lang='lat' dir='ltr'>magna</span> <span class='ocrx_word' id='word_1_8' title='bbox 1055 492 1191 563; x_wconf 90' lang='lat' dir='ltr'>tumul-</span> 
     </span>
     <span class='ocr_line' id='line_1_3' title="bbox 199 596 1190 692; baseline -0.022 -9"><span class='ocrx_word' id='word_1_9' title='bbox 199 608 394 683; x_wconf 87' lang='lat' dir='ltr'>tuantibus.</span> <span class='ocrx_word' id='word_1_10' title='bbox 427 597 522 692; x_wconf 81' lang='lat' dir='ltr'>&#39;Ego</span> <span class='ocrx_word' id='word_1_11' title='bbox 536 600 580 669; x_wconf 85' lang='lat' dir='ltr'>ad</span> <span class='ocrx_word' id='word_1_12' title='bbox 596 596 819 669; x_wconf 90' lang='lat' dir='ltr'>Conventum</span> <span class='ocrx_word' id='word_1_13' title='bbox 835 619 910 665; x_wconf 90' lang='lat' dir='ltr'>nou</span> <span class='ocrx_word' id='word_1_14' title='bbox 925 596 1097 665; x_wconf 89' lang='lat' dir='ltr'>abductus</span> <span class='ocrx_word' id='word_1_15' title='bbox 1112 617 1190 664; x_wconf 87' lang='lat' dir='ltr'>sum</span> 
     </span>
     <span class='ocr_line' id='line_1_4' title="bbox 201 696 1189 807; baseline -0.021 -22"><span class='ocrx_word' id='word_1_16' title='bbox 201 713 310 807; x_wconf 25' lang='lat' dir='ltr'>quod&gt;</span> <span class='ocrx_word' id='word_1_17' title='bbox 322 707 525 778; x_wconf 83' lang='lat' dir='ltr'>existimant</span> <span class='ocrx_word' id='word_1_18' title='bbox 546 702 598 772; x_wconf 91' lang='lat' dir='ltr'>ibi</span> <span class='ocrx_word' id='word_1_19' title='bbox 620 701 700 792; x_wconf 92' lang='lat' dir='ltr'>plus</span> <span class='ocrx_word' id='word_1_20' title='bbox 720 699 876 768; x_wconf 85' lang='lat' dir='ltr'>rixarum</span> <span class='ocrx_word' id='word_1_21' title='bbox 893 697 968 767; x_wconf 85' lang='lat' dir='ltr'>fore</span> <span class='ocrx_word' id='word_1_22' title='bbox 985 700 1029 767; x_wconf 92' lang='lat' dir='ltr'>de</span> <span class='ocrx_word' id='word_1_23' title='bbox 1043 696 1189 786; x_wconf 83' lang='lat' dir='ltr'>negocio</span> 
     </span>
     <span class='ocr_line' id='line_1_5' title="bbox 198 798 1190 892; baseline -0.019 -7"><span class='ocrx_word' id='word_1_24' title='bbox 198 807 469 885; x_wconf 87' lang='lat' dir='ltr'>Brunswicensi</span> <span class='ocrx_word' id='word_1_25' title='bbox 487 811 539 874; x_wconf 68' lang='lat' dir='ltr'>‘et</span> <span class='ocrx_word' id='word_1_26' title='bbox 561 803 737 873; x_wconf 84' lang='lat' dir='ltr'>similibus</span> <span class='ocrx_word' id='word_1_27' title='bbox 767 801 899 883; x_wconf 87' lang='lat' dir='ltr'>causis,</span> <span class='ocrx_word' id='word_1_28' title='bbox 931 800 1102 892; x_wconf 91' lang='lat' dir='ltr'>quamde</span> <span class='ocrx_word' id='word_1_29' title='bbox 1124 798 1190 867; x_wconf 91' lang='lat' dir='ltr'>do·</span> 
     </span>
     <span class='ocr_line' id='line_1_6' title="bbox 199 900 1190 992; baseline -0.021 -4"><span class='ocrx_word' id='word_1_30' title='bbox 199 917 313 988; x_wconf 82' lang='lat' dir='ltr'>ctrina</span> <span class='ocrx_word' id='word_1_31' title='bbox 334 910 585 984; x_wconf 87' lang='lat' dir='ltr'>Ecclesiarnm.</span> <span class='ocrx_word' id='word_1_32' title='bbox 643 902 836 974; x_wconf 83' lang='lat' dir='ltr'>Germania</span> <span class='ocrx_word' id='word_1_33' title='bbox 863 924 1032 992; x_wconf 84' lang='lat' dir='ltr'>magnum</span> <span class='ocrx_word' id='word_1_34' title='bbox 1059 900 1190 968; x_wconf 89' lang='lat' dir='ltr'>vulnus</span> 
     </span>
     <span class='ocr_line' id='line_1_7' title="bbox 198 993 1190 1109; baseline -0.022 -18"><span class='ocrx_word' id='word_1_35' title='bbox 198 1017 332 1109; x_wconf 91' lang='lat' dir='ltr'>accepit</span> <span class='ocrx_word' id='word_1_36' title='bbox 349 1013 477 1083; x_wconf 91' lang='lat' dir='ltr'>amisso</span> <span class='ocrx_word' id='word_1_37' title='bbox 491 1007 659 1098; x_wconf 87' lang='lat' dir='ltr'>Principe</span> <span class='ocrx_word' id='word_1_38' title='bbox 679 1006 739 1099; x_wconf 91' lang='lat' dir='ltr'>pio</span> <span class='ocrx_word' id='word_1_39' title='bbox 756 1019 792 1077; x_wconf 89' lang='lat' dir='ltr'>et</span> <span class='ocrx_word' id='word_1_40' title='bbox 808 1017 948 1074; x_wconf 89' lang='lat' dir='ltr'>amante</span> <span class='ocrx_word' id='word_1_41' title='bbox 965 1002 1062 1096; x_wconf 91' lang='lat' dir='ltr'>pacis</span> <span class='ocrx_word' id='word_1_42' title='bbox 1070 993 1190 1070; x_wconf 85' lang='lat' dir='ltr'>Mor-</span> 
     </span>
     <span class='ocr_line' id='line_1_8' title="bbox 198 1103 1190 1208; baseline -0.019 -19"><span class='ocrx_word' id='word_1_43' title='bbox 198 1114 326 1190; x_wconf 79' lang='lat' dir='ltr'>chione</span> <span class='ocrx_word' id='word_1_44' title='bbox 341 1105 569 1208; x_wconf 76' lang='lat' dir='ltr'>Georgio*),</span> <span class='ocrx_word' id='word_1_45' title='bbox 594 1109 694 1179; x_wconf 90' lang='lat' dir='ltr'>cuius</span> <span class='ocrx_word' id='word_1_46' title='bbox 709 1107 879 1178; x_wconf 73' lang='lat' dir='ltr'>autoritas</span> <span class='ocrx_word' id='word_1_47' title='bbox 894 1108 939 1175; x_wconf 91' lang='lat' dir='ltr'>ad</span> <span class='ocrx_word' id='word_1_48' title='bbox 963 1129 1084 1197; x_wconf 84' lang='lat' dir='ltr'>pacem</span> <span class='ocrx_word' id='word_1_49' title='bbox 1105 1103 1190 1174; x_wconf 90' lang='lat' dir='ltr'>reti-</span> 
     </span>
    </p>
   </div>
   <div class='ocr_carea' id='block_1_3' title="bbox 85 1203 1189 1303">
    <p class='ocr_par' dir='ltr' id='par_1_3' title="bbox 85 1203 1189 1303">
     <span class='ocr_line' id='line_1_9' title="bbox 85 1203 1189 1303; baseline -0.021 -7"><span class='ocrx_word' id='word_1_50' title='bbox 85 1235 91 1249; x_wconf 67' lang='lat'>‘</span> <span class='ocrx_word' id='word_1_51' title='bbox 197 1224 352 1293; x_wconf 90' lang='lat' dir='ltr'>nendam</span> <span class='ocrx_word' id='word_1_52' title='bbox 375 1219 413 1286; x_wconf 94' lang='lat' dir='ltr'>in</span> <span class='ocrx_word' id='word_1_53' title='bbox 427 1214 495 1286; x_wconf 90' lang='lat' dir='ltr'>hoc</span> <span class='ocrx_word' id='word_1_54' title='bbox 511 1225 690 1282; x_wconf 91' lang='lat' dir='ltr'>conventu</span> <span class='ocrx_word' id='word_1_55' title='bbox 699 1203 757 1303; x_wconf 78' lang='lat'>**)</span> <span class='ocrx_word' id='word_1_56' title='bbox 775 1210 926 1279; x_wconf 90' lang='lat' dir='ltr'>multum</span> <span class='ocrx_word' id='word_1_57' title='bbox 943 1206 1114 1276; x_wconf 82' lang='lat' dir='ltr'>momenti</span> <span class='ocrx_word' id='word_1_58' title='bbox 1137 1204 1189 1274; x_wconf 94' lang='lat' dir='ltr'>al-</span> 
     </span>
    </p>
   </div>
   <div class='ocr_carea' id='block_1_4' title="bbox 196 1308 1189 1510">
    <p class='ocr_par' dir='ltr' id='par_1_4' title="bbox 196 1308 1189 1510">
     <span class='ocr_line' id='line_1_10' title="bbox 196 1308 1189 1404; baseline -0.021 -8"><span class='ocrx_word' id='word_1_59' title='bbox 196 1329 310 1395; x_wconf 89' lang='lat' dir='ltr'>latura</span> <span class='ocrx_word' id='word_1_60' title='bbox 333 1322 421 1404; x_wconf 89' lang='lat' dir='ltr'>fuit,</span> <span class='ocrx_word' id='word_1_61' title='bbox 456 1318 486 1387; x_wconf 91' lang='lat' dir='ltr'>si</span> <span class='ocrx_word' id='word_1_62' title='bbox 506 1315 659 1386; x_wconf 84' lang='lat' dir='ltr'>vixisset.</span> <span class='ocrx_word' id='word_1_63' title='bbox 718 1311 790 1382; x_wconf 91' lang='lat' dir='ltr'>Nec</span> <span class='ocrx_word' id='word_1_64' title='bbox 813 1310 968 1380; x_wconf 86' lang='lat' dir='ltr'>arbitror</span> <span class='ocrx_word' id='word_1_65' title='bbox 995 1308 1189 1400; x_wconf 90' lang='lat' dir='ltr'>Imperato-</span> 
     </span>
     <span class='ocr_line' id='line_1_11' title="bbox 196 1410 1188 1510; baseline -0.019 -13"><span class='ocrx_word' id='word_1_66' title='bbox 196 1452 272 1497; x_wconf 85' lang='lat' dir='ltr'>rem</span> <span class='ocrx_word' id='word_1_67' title='bbox 289 1416 470 1496; x_wconf 85' lang='lat' dir='ltr'>Carolum</span> <span class='ocrx_word' id='word_1_68' title='bbox 490 1418 553 1488; x_wconf 91' lang='lat' dir='ltr'>diu</span> <span class='ocrx_word' id='word_1_69' title='bbox 570 1430 778 1485; x_wconf 87' lang='lat' dir='ltr'>mansurum</span> <span class='ocrx_word' id='word_1_70' title='bbox 795 1414 833 1481; x_wconf 90' lang='lat' dir='ltr'>in</span> <span class='ocrx_word' id='word_1_71' title='bbox 850 1410 1050 1484; x_wconf 89' lang='lat' dir='ltr'>Conventu.</span> <span class='ocrx_word' id='word_1_72' title='bbox 1092 1411 1188 1510; x_wconf 83' lang='lat' dir='ltr'>quod</span> 
     </span>
    </p>
   </div>
   <div class='ocr_carea' id='block_1_5' title="bbox 776 315 1661 396">
    <p class='ocr_par' dir='ltr' id='par_1_5' title="bbox 776 315 1661 396">
     <span class='ocr_line' id='line_1_12' title="bbox 776 315 1661 396; baseline 0.001 -2"><span class='ocrx_word' id='word_1_73' title='bbox 776 315 1220 396; x_wconf 83' lang='lat' dir='ltr'>EPISTOLARUM</span> <span class='ocrx_word' id='word_1_74' title='bbox 1276 316 1385 395; x_wconf 84' lang='lat' dir='ltr'>LlB.</span> <span class='ocrx_word' id='word_1_75' title='bbox 1414 317 1478 392; x_wconf 83' lang='lat' dir='ltr'>IX.</span> <span class='ocrx_word' id='word_1_76' title='bbox 1530 315 1661 395; x_wconf 89' lang='grc'><strong>1544.</strong></span> 
     </span>
    </p>
   </div>
   <div class='ocr_carea' id='block_1_6' title="bbox 2157 319 2239 431">
    <p class='ocr_par' dir='ltr' id='par_1_6' title="bbox 2157 319 2239 431">
     <span class='ocr_line' id='line_1_13' title="bbox 2157 319 2239 431; baseline 0.024 -38"><span class='ocrx_word' id='word_1_77' title='bbox 2157 319 2239 431; x_wconf 76' lang='lat' dir='ltr'>aot</span> 
     </span>
    </p>
   </div>
   <div class='ocr_carea' id='block_1_7' title="bbox 1239 486 2268 1507">
    <p class='ocr_par' dir='ltr' id='par_1_7' title="bbox 1239 486 2268 1507">
     <span class='ocr_line' id='line_1_14' title="bbox 1244 486 2236 589; baseline 0.003 -26"><span class='ocrx_word' id='word_1_78' title='bbox 1244 486 1359 587; x_wconf 79' lang='lat' dir='ltr'>que*)</span> <span class='ocrx_word' id='word_1_79' title='bbox 1386 494 1445 564; x_wconf 90' lang='lat' dir='ltr'>die</span> <span class='ocrx_word' id='word_1_80' title='bbox 1468 493 1665 565; x_wconf 90' lang='lat' dir='ltr'>coniectum</span> <span class='ocrx_word' id='word_1_81' title='bbox 1692 516 1765 564; x_wconf 91' lang='lat' dir='ltr'>esse</span> <span class='ocrx_word' id='word_1_82' title='bbox 1789 496 1828 563; x_wconf 91' lang='lat' dir='ltr'>in</span> <span class='ocrx_word' id='word_1_83' title='bbox 1848 496 2031 578; x_wconf 90' lang='lat' dir='ltr'>morbum,</span> <span class='ocrx_word' id='word_1_84' title='bbox 2066 495 2128 589; x_wconf 86' lang='lat' dir='ltr'>qui</span> <span class='ocrx_word' id='word_1_85' title='bbox 2145 518 2236 588; x_wconf 91' lang='lat' dir='ltr'>pau·</span> 
     </span>
     <span class='ocr_line' id='line_1_15' title="bbox 1243 590 2234 687; baseline 0.005 -25"><span class='ocrx_word' id='word_1_86' title='bbox 1243 594 1342 664; x_wconf 90' lang='lat' dir='ltr'>latim</span> <span class='ocrx_word' id='word_1_87' title='bbox 1373 610 1458 664; x_wconf 82' lang='lat' dir='ltr'>eum&#39;</span> <span class='ocrx_word' id='word_1_88' title='bbox 1477 597 1644 687; x_wconf 84' lang='lat' dir='ltr'>perdidit.</span> <span class='ocrx_word' id='word_1_89' title='bbox 1702 590 1804 666; x_wconf 91' lang='lat' dir='ltr'>Nihil</span> <span class='ocrx_word' id='word_1_90' title='bbox 1831 598 1913 667; x_wconf 93' lang='lat' dir='ltr'>volo</span> <span class='ocrx_word' id='word_1_91' title='bbox 1940 599 1983 667; x_wconf 91' lang='lat' dir='ltr'>de</span> <span class='ocrx_word' id='word_1_92' title='bbox 2008 594 2155 666; x_wconf 91' lang='lat' dir='ltr'>Bavaris</span> <span class='ocrx_word' id='word_1_93' title='bbox 2176 622 2234 667; x_wconf 88' lang='lat' dir='ltr'>re-</span> 
     </span>
     <span class='ocr_line' id='line_1_16' title="bbox 1242 694 2183 790; baseline 0.006 -26"><span class='ocrx_word' id='word_1_94' title='bbox 1242 699 1428 789; x_wconf 89' lang='lat' dir='ltr'>spondere.</span> <span class='ocrx_word' id='word_1_95' title='bbox 1478 696 1550 767; x_wconf 92' lang='lat' dir='ltr'>Nos</span> <span class='ocrx_word' id='word_1_96' title='bbox 1566 694 1623 767; x_wconf 93' lang='lat' dir='ltr'>hic</span> <span class='ocrx_word' id='word_1_97' title='bbox 1638 699 1832 768; x_wconf 79' lang='lat' dir='ltr'>modestam</span> <span class='ocrx_word' id='word_1_98' title='bbox 1848 694 2008 790; x_wconf 80' lang='lat' dir='ltr'>Elegiam</span> <span class='ocrx_word' id='word_1_99' title='bbox 2029 701 2183 772; x_wconf 86' lang='lat' dir='ltr'>edemus.</span> 
     </span>
     <span class='ocr_line' id='line_1_17' title="bbox 1340 795 2234 888; baseline 0.003 -19"><span class='ocrx_word' id='word_1_100' title='bbox 1340 797 1531 883; x_wconf 86' lang='lat' dir='ltr'>Crescunt,</span> <span class='ocrx_word' id='word_1_101' title='bbox 1564 814 1605 870; x_wconf 89' lang='lat' dir='ltr'>ut</span> <span class='ocrx_word' id='word_1_102' title='bbox 1630 800 1783 870; x_wconf 84' lang='lat' dir='ltr'>arbitror</span> <span class='ocrx_word' id='word_1_103' title='bbox 1807 800 1934 888; x_wconf 90' lang='lat' dir='ltr'>etiam,</span> <span class='ocrx_word' id='word_1_104' title='bbox 1976 795 2140 873; x_wconf 72' lang='grc'><strong>8185515</strong></span> <span class='ocrx_word' id='word_1_105' title='bbox 2165 825 2234 872; x_wconf 85' lang='grc' dir='ltr'>κα-</span> 
     </span>
     <span class='ocr_line' id='line_1_18' title="bbox 1240 893 2233 999; baseline 0 -28"><span class='ocrx_word' id='word_1_106' title='bbox 1240 893 1414 999; x_wconf 71' lang='grc' dir='ltr'><em>κούργων</em></span> <span class='ocrx_word' id='word_1_107' title='bbox 1431 897 1598 997; x_wconf 78' lang='grc' dir='ltr'><strong><em>ἀστέρων</em></strong></span> <span class='ocrx_word' id='word_1_108' title='bbox 1613 894 1801 993; x_wconf 75' lang='grc' dir='ltr'><strong><em>δυνάμεις,</em></strong></span> <span class='ocrx_word' id='word_1_109' title='bbox 1828 897 1941 998; x_wconf 66' lang='lat' dir='ltr'>cipum</span> <span class='ocrx_word' id='word_1_110' title='bbox 1953 897 2065 975; x_wconf 83' lang='grc' dir='ltr'><strong><em>κακαὶ</em></strong></span> <span class='ocrx_word' id='word_1_111' title='bbox 2082 904 2122 972; x_wconf 89' lang='lat' dir='ltr'>in</span> <span class='ocrx_word' id='word_1_112' title='bbox 2138 903 2233 973; x_wconf 90' lang='lat' dir='ltr'>mul-</span> 
     </span>
     <span class='ocr_line' id='line_1_19' title="bbox 1241 999 2232 1098; baseline 0.005 -27"><span class='ocrx_word' id='word_1_113' title='bbox 1241 1002 1298 1076; x_wconf 89' lang='lat' dir='ltr'>tis.</span> <span class='ocrx_word' id='word_1_114' title='bbox 1350 1003 1434 1073; x_wconf 93' lang='lat' dir='ltr'>ldeo</span> <span class='ocrx_word' id='word_1_115' title='bbox 1459 1006 1686 1073; x_wconf 88' lang='lat' dir='ltr'>moderemur</span> <span class='ocrx_word' id='word_1_116' title='bbox 1716 1005 1880 1096; x_wconf 87' lang='lat' dir='ltr'>impetus.</span> <span class='ocrx_word' id='word_1_117' title='bbox 1931 999 2098 1098; x_wconf 89' lang='lat' dir='ltr'>Optarim</span> <span class='ocrx_word' id='word_1_118' title='bbox 2127 1020 2232 1086; x_wconf 88' lang='lat' dir='ltr'>certe,</span> 
     </span>
     <span class='ocr_line' id='line_1_20' title="bbox 1240 1102 2233 1197; baseline 0.004 -24"><span class='ocrx_word' id='word_1_119' title='bbox 1240 1127 1305 1173; x_wconf 89' lang='lat' dir='ltr'>nos</span> <span class='ocrx_word' id='word_1_120' title='bbox 1322 1129 1444 1175; x_wconf 87' lang='lat' dir='ltr'>omnes</span> <span class='ocrx_word' id='word_1_121' title='bbox 1460 1118 1660 1197; x_wconf 91' lang='lat' dir='ltr'>temporum</span> <span class='ocrx_word' id='word_1_122' title='bbox 1677 1106 1851 1176; x_wconf 90' lang='lat' dir='ltr'>rationem</span> <span class='ocrx_word' id='word_1_123' title='bbox 1867 1103 2008 1180; x_wconf 91' lang='lat' dir='ltr'>habere.</span> <span class='ocrx_word' id='word_1_124' title='bbox 2060 1105 2159 1195; x_wconf 84' lang='lat' dir='ltr'>Quid</span> <span class='ocrx_word' id='word_1_125' title='bbox 2174 1102 2233 1177; x_wconf 91' lang='lat' dir='ltr'>hic</span> 
     </span>
     <span class='ocr_line' id='line_1_21' title="bbox 1240 1206 2232 1298; baseline 0.004 -24"><span class='ocrx_word' id='word_1_126' title='bbox 1240 1207 1287 1277; x_wconf 89' lang='lat' dir='ltr'>sit</span> <span class='ocrx_word' id='word_1_127' title='bbox 1307 1208 1481 1291; x_wconf 86' lang='lat' dir='ltr'>rixatum,</span> <span class='ocrx_word' id='word_1_128' title='bbox 1512 1211 1658 1278; x_wconf 85' lang='lat' dir='ltr'>sortasse</span> <span class='ocrx_word' id='word_1_129' title='bbox 1683 1209 1745 1276; x_wconf 87' lang='lat' dir='ltr'>alii</span> <span class='ocrx_word' id='word_1_130' title='bbox 1768 1210 1938 1281; x_wconf 89' lang='lat' dir='ltr'>scribunt.</span> <span class='ocrx_word' id='word_1_131' title='bbox 1989 1206 2102 1278; x_wconf 88' lang='lat' dir='ltr'>Doleo</span> <span class='ocrx_word' id='word_1_132' title='bbox 2123 1209 2232 1298; x_wconf 81' lang='lat' dir='ltr'>magis</span> 
     </span>
     <span class='ocr_line' id='line_1_22' title="bbox 1240 1303 2268 1401; baseline 0.004 -24"><span class='ocrx_word' id='word_1_133' title='bbox 1240 1303 1391 1379; x_wconf 91' lang='lat' dir='ltr'>distrahi</span> <span class='ocrx_word' id='word_1_134' title='bbox 1405 1311 1615 1382; x_wconf 81' lang='lat' dir='ltr'>voluntates.</span> <span class='ocrx_word' id='word_1_135' title='bbox 1666 1309 1737 1382; x_wconf 88' lang='lat' dir='ltr'>Sed</span> <span class='ocrx_word' id='word_1_136' title='bbox 1755 1305 1954 1382; x_wconf 88' lang='lat' dir='ltr'>haecalias.</span> <span class='ocrx_word' id='word_1_137' title='bbox 2004 1308 2268 1401; x_wconf 64' lang='grc' dir='ltr'>8813511155·ἱ</span> 
     </span>
     <span class='ocr_line' id='line_1_23' title="bbox 1239 1407 2232 1507; baseline 0.003 -27"><span class='ocrx_word' id='word_1_138' title='bbox 1239 1413 1295 1480; x_wconf 91' lang='lat' dir='ltr'>bis</span> <span class='ocrx_word' id='word_1_139' title='bbox 1319 1411 1433 1497; x_wconf 91' lang='lat' dir='ltr'>enim,</span> <span class='ocrx_word' id='word_1_140' title='bbox 1459 1436 1504 1481; x_wconf 92' lang='lat' dir='ltr'>an</span> <span class='ocrx_word' id='word_1_141' title='bbox 1524 1412 1681 1504; x_wconf 84' lang='lat' dir='ltr'>aliquid,</span> <span class='ocrx_word' id='word_1_142' title='bbox 1702 1408 1785 1507; x_wconf 80' lang='grc' dir='ltr'><em>περὶ</em></span> <span class='ocrx_word' id='word_1_143' title='bbox 1809 1416 1877 1484; x_wconf 87' lang='grc' dir='ltr'>τοῦ</span> <span class='ocrx_word' id='word_1_144' title='bbox 1900 1407 2124 1507; x_wconf 78' lang='grc' dir='ltr'><strong><em>Περικλέους</em></strong></span> <span class='ocrx_word' id='word_1_145' title='bbox 2144 1407 2232 1506; x_wconf 75' lang='grc' dir='ltr'>ἡμε-</span> 
     </span>
    </p>
   </div>
   <div class='ocr_carea' id='block_1_8' title="bbox 82 1507 2190 1615">
    <p class='ocr_par' dir='ltr' id='par_1_8' title="bbox 82 1507 2190 1615">
     <span class='ocr_line' id='line_1_24' title="bbox 82 1507 2190 1615; baseline -0.006 -15"><span class='ocrx_word' id='word_1_146' title='bbox 82 1530 85 1537; x_wconf 79' lang='grc'><strong>’</strong></span> <span class='ocrx_word' id='word_1_147' title='bbox 193 1529 328 1600; x_wconf 88' lang='lat' dir='ltr'>bellum</span> <span class='ocrx_word' id='word_1_148' title='bbox 355 1525 520 1615; x_wconf 84' lang='lat' dir='ltr'>gallicum</span> <span class='ocrx_word' id='word_1_149' title='bbox 545 1543 620 1589; x_wconf 92' lang='lat' dir='ltr'>non</span> <span class='ocrx_word' id='word_1_150' title='bbox 649 1517 781 1609; x_wconf 89' lang='lat' dir='ltr'>patitur</span> <span class='ocrx_word' id='word_1_151' title='bbox 803 1539 950 1586; x_wconf 89' lang='lat' dir='ltr'>moram.</span> <span class='ocrx_word' id='word_1_152' title='bbox 1011 1507 1189 1582; x_wconf 83' lang='lat' dir='ltr'>Audimus</span> <span class='ocrx_word' id='word_1_153' title='bbox 1238 1509 1348 1608; x_wconf 77' lang='lat' dir='ltr'>ripov</span> <span class='ocrx_word' id='word_1_154' title='bbox 1364 1509 1606 1612; x_wconf 72' lang='grc' dir='ltr'><em>δημηγοριῶν</em></span> <span class='ocrx_word' id='word_1_155' title='bbox 1618 1510 1713 1585; x_wconf 83' lang='grc' dir='ltr'><em>κατὰ</em></span> <span class='ocrx_word' id='word_1_156' title='bbox 1727 1519 1806 1586; x_wconf 79' lang='grc' dir='ltr'>τῶν</span> <span class='ocrx_word' id='word_1_157' title='bbox 1820 1519 1987 1606; x_wconf 76' lang='grc' dir='ltr'><em>νομικῶν</em></span> <span class='ocrx_word' id='word_1_158' title='bbox 2000 1516 2154 1584; x_wconf 87' lang='lat' dir='ltr'>audieris</span> <span class='ocrx_word' id='word_1_159' title='bbox 2163 1513 2190 1589; x_wconf 81' lang='grc'>”.</span> 
     </span>
    </p>
   </div>
   <div class='ocr_carea' id='block_1_9' title="bbox 194 1611 1188 1716">
    <p class='ocr_par' dir='ltr' id='par_1_9' title="bbox 194 1611 1188 1716">
     <span class='ocr_line' id='line_1_25' title="bbox 194 1611 1188 1716; baseline -0.02 -14"><span class='ocrx_word' id='word_1_160' title='bbox 194 1631 290 1702; x_wconf 91' lang='lat' dir='ltr'>enim</span> <span class='ocrx_word' id='word_1_161' title='bbox 306 1629 375 1697; x_wconf 89' lang='lat' dir='ltr'>iam</span> <span class='ocrx_word' id='word_1_162' title='bbox 390 1625 533 1716; x_wconf 86' lang='lat' dir='ltr'>gallicos</span> <span class='ocrx_word' id='word_1_163' title='bbox 549 1621 721 1690; x_wconf 88' lang='lat' dir='ltr'>exercitus</span> <span class='ocrx_word' id='word_1_164' title='bbox 737 1633 833 1688; x_wconf 85' lang='lat' dir='ltr'>trans</span> <span class='ocrx_word' id='word_1_165' title='bbox 842 1611 950 1707; x_wconf 79' lang='lat' dir='ltr'>Alpes</span> <span class='ocrx_word' id='word_1_166' title='bbox 963 1617 1088 1686; x_wconf 91' lang='lat' dir='ltr'>ductos</span> <span class='ocrx_word' id='word_1_167' title='bbox 1105 1637 1188 1684; x_wconf 90' lang='lat' dir='ltr'>esse.</span> 
     </span>
    </p>
   </div>
   <div class='ocr_carea' id='block_1_10' title="bbox 1340 1612 2231 1710">
    <p class='ocr_par' dir='ltr' id='par_1_10' title="bbox 1340 1612 2231 1710">
     <span class='ocr_line' id='line_1_26' title="bbox 1340 1612 2231 1710; baseline 0.003 -27"><span class='ocrx_word' id='word_1_168' title='bbox 1340 1612 1535 1700; x_wconf 89' lang='lat' dir='ltr'>Praelatio,</span> <span class='ocrx_word' id='word_1_169' title='bbox 1562 1641 1669 1710; x_wconf 89' lang='lat' dir='ltr'>quam</span> <span class='ocrx_word' id='word_1_170' title='bbox 1684 1631 1745 1686; x_wconf 89' lang='lat' dir='ltr'>tuo</span> <span class='ocrx_word' id='word_1_171' title='bbox 1762 1617 1908 1686; x_wconf 89' lang='lat' dir='ltr'>nomine</span> <span class='ocrx_word' id='word_1_172' title='bbox 1923 1617 2047 1708; x_wconf 90' lang='lat' dir='ltr'>scripsi</span> <span class='ocrx_word' id='word_1_173' title='bbox 2064 1617 2103 1686; x_wconf 91' lang='lat' dir='ltr'>in</span> <span class='ocrx_word' id='word_1_174' title='bbox 2112 1614 2231 1687; x_wconf 90' lang='lat' dir='ltr'>Gene-</span> 
     </span>
    </p>
   </div>
   <div class='ocr_carea' id='block_1_11' title="bbox 191 1710 2230 1919">
    <p class='ocr_par' dir='ltr' id='par_1_11' title="bbox 191 1710 2230 1919">
     <span class='ocr_line' id='line_1_27' title="bbox 192 1710 2230 1813; baseline -0.008 -9"><span class='ocrx_word' id='word_1_175' title='bbox 192 1730 242 1804; x_wconf 80' lang='lat' dir='ltr'>Et</span> <span class='ocrx_word' id='word_1_176' title='bbox 258 1731 378 1800; x_wconf 87' lang='lat' dir='ltr'>classis</span> <span class='ocrx_word' id='word_1_177' title='bbox 394 1726 544 1796; x_wconf 85' lang='lat' dir='ltr'>Turcica</span> <span class='ocrx_word' id='word_1_178' title='bbox 563 1723 654 1792; x_wconf 88' lang='lat' dir='ltr'>circa</span> <span class='ocrx_word' id='word_1_179' title='bbox 672 1717 838 1790; x_wconf 87' lang='lat' dir='ltr'>Genuam</span> <span class='ocrx_word' id='word_1_180' title='bbox 855 1731 1012 1806; x_wconf 86' lang='lat' dir='ltr'>vagatur.</span> <span class='ocrx_word' id='word_1_181' title='bbox 1062 1714 1187 1808; x_wconf 88' lang='lat' dir='ltr'>Spirae</span> <span class='ocrx_word' id='word_1_182' title='bbox 1238 1710 1383 1813; x_wconf 79' lang='lat' dir='ltr'>sin**),</span> <span class='ocrx_word' id='word_1_183' title='bbox 1406 1733 1474 1802; x_wconf 87' lang='lat' dir='ltr'>est,</span> <span class='ocrx_word' id='word_1_184' title='bbox 1499 1730 1540 1787; x_wconf 91' lang='lat' dir='ltr'>ut</span> <span class='ocrx_word' id='word_1_185' title='bbox 1557 1719 1674 1802; x_wconf 90' lang='lat' dir='ltr'>vides,</span> <span class='ocrx_word' id='word_1_186' title='bbox 1696 1719 1825 1808; x_wconf 87' lang='lat' dir='ltr'>frigida</span> <span class='ocrx_word' id='word_1_187' title='bbox 1845 1732 1879 1789; x_wconf 89' lang='lat' dir='ltr'>et</span> <span class='ocrx_word' id='word_1_188' title='bbox 1897 1719 2028 1790; x_wconf 89' lang='lat' dir='ltr'>ieiuna.</span> <span class='ocrx_word' id='word_1_189' title='bbox 2081 1717 2151 1790; x_wconf 87' lang='lat' dir='ltr'>Sed</span> <span class='ocrx_word' id='word_1_190' title='bbox 2175 1718 2230 1789; x_wconf 86' lang='lat' dir='ltr'>of·</span> 
     </span>
     <span class='ocr_line' id='line_1_28' title="bbox 191 1816 1951 1919; baseline -0.007 -14"><span class='ocrx_word' id='word_1_191' title='bbox 191 1839 263 1905; x_wconf 93' lang='lat' dir='ltr'>iam</span> <span class='ocrx_word' id='word_1_192' title='bbox 287 1857 360 1903; x_wconf 89' lang='lat' dir='ltr'>esse</span> <span class='ocrx_word' id='word_1_193' title='bbox 382 1831 517 1919; x_wconf 81' lang='lat' dir='ltr'>legatus</span> <span class='ocrx_word' id='word_1_194' title='bbox 537 1823 696 1897; x_wconf 90' lang='lat' dir='ltr'>Romani</span> <span class='ocrx_word' id='word_1_195' title='bbox 711 1820 893 1892; x_wconf 87' lang='lat' dir='ltr'>Pontificis</span> <span class='ocrx_word' id='word_1_196' title='bbox 907 1816 1109 1890; x_wconf 90' lang='lat' dir='ltr'>Cardinalis</span> <span class='ocrx_word' id='word_1_197' title='bbox 1131 1817 1188 1885; x_wconf 90' lang='lat' dir='ltr'>di·</span> <span class='ocrx_word' id='word_1_198' title='bbox 1238 1819 1356 1889; x_wconf 88' lang='lat' dir='ltr'>ficium</span> <span class='ocrx_word' id='word_1_199' title='bbox 1373 1843 1493 1888; x_wconf 89' lang='lat' dir='ltr'>meum</span> <span class='ocrx_word' id='word_1_200' title='bbox 1510 1820 1576 1889; x_wconf 89' lang='lat' dir='ltr'>tibi</span> <span class='ocrx_word' id='word_1_201' title='bbox 1594 1835 1732 1910; x_wconf 87' lang='lat' dir='ltr'>gratum</span> <span class='ocrx_word' id='word_1_202' title='bbox 1747 1821 1822 1889; x_wconf 82' lang='lat' dir='ltr'>tore</span> <span class='ocrx_word' id='word_1_203' title='bbox 1838 1845 1951 1913; x_wconf 91' lang='lat' dir='ltr'>spero.</span> 
     </span>
    </p>
   </div>
   <div class='ocr_carea' id='block_1_12' title="bbox 193 1921 1188 2028">
    <p class='ocr_par' dir='ltr' id='par_1_12' title="bbox 193 1921 1188 2028">
     <span class='ocr_line' id='line_1_29' title="bbox 193 1921 1188 2028; baseline -0.021 -19"><span class='ocrx_word' id='word_1_204' title='bbox 193 1939 305 2021; x_wconf 92' lang='lat' dir='ltr'>citur,</span> <span class='ocrx_word' id='word_1_205' title='bbox 344 1933 407 2028; x_wconf 90' lang='lat' dir='ltr'>qui</span> <span class='ocrx_word' id='word_1_206' title='bbox 434 1929 602 1999; x_wconf 91' lang='lat' dir='ltr'>mandata</span> <span class='ocrx_word' id='word_1_207' title='bbox 632 1922 740 1996; x_wconf 89' lang='lat' dir='ltr'>habet</span> <span class='ocrx_word' id='word_1_208' title='bbox 766 1936 806 1994; x_wconf 93' lang='lat' dir='ltr'>ut</span> <span class='ocrx_word' id='word_1_209' title='bbox 829 1945 952 1992; x_wconf 90' lang='lat' dir='ltr'>omnes</span> <span class='ocrx_word' id='word_1_210' title='bbox 975 1921 1050 2000; x_wconf 89' lang='lat' dir='ltr'>vias</span> <span class='ocrx_word' id='word_1_211' title='bbox 1078 1932 1188 1990; x_wconf 91' lang='lat' dir='ltr'>tentet</span> 
     </span>
    </p>
   </div>
   <div class='ocr_carea' id='block_1_13' title="bbox 1339 1919 2230 2017">
    <p class='ocr_par' dir='ltr' id='par_1_13' title="bbox 1339 1919 2230 2017">
     <span class='ocr_line' id='line_1_30' title="bbox 1339 1919 2230 2017; baseline -0.003 -25"><span class='ocrx_word' id='word_1_212' title='bbox 1339 1919 1379 1992; x_wconf 91' lang='lat' dir='ltr'>Si</span> <span class='ocrx_word' id='word_1_213' title='bbox 1396 1920 1678 2017; x_wconf 84' lang='lat' dir='ltr'>potesHispano</span> <span class='ocrx_word' id='word_1_214' title='bbox 1690 1937 1811 1992; x_wconf 89' lang='lat' dir='ltr'>nostro</span> <span class='ocrx_word' id='word_1_215' title='bbox 1826 1923 1945 1992; x_wconf 86' lang='lat' dir='ltr'>literas</span> <span class='ocrx_word' id='word_1_216' title='bbox 1957 1924 2104 2006; x_wconf 87' lang='lat' dir='ltr'>mittere,</span> <span class='ocrx_word' id='word_1_217' title='bbox 2122 1945 2230 2014; x_wconf 87' lang='lat' dir='ltr'>quac-</span> 
     </span>
    </p>
   </div>
   <div class='ocr_carea' id='block_1_14' title="bbox 191 2021 2232 2417">
    <p class='ocr_par' dir='ltr' id='par_1_14' title="bbox 191 2021 2232 2417">
     <span class='ocr_line' id='line_1_31' title="bbox 191 2021 2232 2124; baseline -0.009 -15"><span class='ocrx_word' id='word_1_218' title='bbox 191 2038 373 2109; x_wconf 83' lang='lat' dir='ltr'>laciendae</span> <span class='ocrx_word' id='word_1_219' title='bbox 397 2032 492 2124; x_wconf 91' lang='lat' dir='ltr'>pacis</span> <span class='ocrx_word' id='word_1_220' title='bbox 508 2031 603 2100; x_wconf 89' lang='lat' dir='ltr'>inter</span> <span class='ocrx_word' id='word_1_221' title='bbox 618 2026 871 2119; x_wconf 89' lang='lat' dir='ltr'>Imperatorem</span> <span class='ocrx_word' id='word_1_222' title='bbox 888 2037 922 2093; x_wconf 90' lang='lat' dir='ltr'>et</span> <span class='ocrx_word' id='word_1_223' title='bbox 943 2023 1108 2113; x_wconf 85' lang='lat' dir='ltr'>gallicum</span> <span class='ocrx_word' id='word_1_224' title='bbox 1129 2045 1187 2090; x_wconf 85' lang='lat' dir='ltr'>re·</span> <span class='ocrx_word' id='word_1_225' title='bbox 1237 2046 1276 2092; x_wconf 92' lang='lat' dir='ltr'>so</span> <span class='ocrx_word' id='word_1_226' title='bbox 1292 2035 1333 2093; x_wconf 92' lang='lat' dir='ltr'>ut</span> <span class='ocrx_word' id='word_1_227' title='bbox 1347 2024 1475 2097; x_wconf 91' lang='lat' dir='ltr'>mittas.</span> <span class='ocrx_word' id='word_1_228' title='bbox 1526 2021 1591 2094; x_wconf 83' lang='lat' dir='ltr'>Est</span> <span class='ocrx_word' id='word_1_229' title='bbox 1606 2025 1662 2093; x_wconf 89' lang='lat' dir='ltr'>vir</span> <span class='ocrx_word' id='word_1_230' title='bbox 1677 2026 1832 2115; x_wconf 87' lang='lat' dir='ltr'>optimus</span> <span class='ocrx_word' id='word_1_231' title='bbox 1855 2039 1889 2095; x_wconf 90' lang='lat' dir='ltr'>et</span> <span class='ocrx_word' id='word_1_232' title='bbox 1912 2026 2089 2117; x_wconf 89' lang='lat' dir='ltr'>praeclare</span> <span class='ocrx_word' id='word_1_233' title='bbox 2111 2023 2232 2093; x_wconf 90' lang='lat' dir='ltr'>erudi-</span> 
     </span>
     <span class='ocr_line' id='line_1_32' title="bbox 192 2120 2231 2233; baseline -0.009 -22"><span class='ocrx_word' id='word_1_234' title='bbox 192 2166 283 2233; x_wconf 85' lang='lat' dir='ltr'>gem.</span> <span class='ocrx_word' id='word_1_235' title='bbox 334 2137 458 2226; x_wconf 90' lang='lat' dir='ltr'>Nuper</span> <span class='ocrx_word' id='word_1_236' title='bbox 476 2134 516 2201; x_wconf 90' lang='lat' dir='ltr'>in</span> <span class='ocrx_word' id='word_1_237' title='bbox 540 2128 606 2200; x_wconf 92' lang='lat' dir='ltr'>hac</span> <span class='ocrx_word' id='word_1_238' title='bbox 626 2129 757 2198; x_wconf 83' lang='lat' dir='ltr'>vicinia</span> <span class='ocrx_word' id='word_1_239' title='bbox 784 2139 947 2197; x_wconf 86' lang='lat' dir='ltr'>mortuus</span> <span class='ocrx_word' id='word_1_240' title='bbox 969 2138 1020 2194; x_wconf 88' lang='lat' dir='ltr'>est</span> <span class='ocrx_word' id='word_1_241' title='bbox 1038 2122 1187 2215; x_wconf 86' lang='lat' dir='ltr'>Episco-</span> <span class='ocrx_word' id='word_1_242' title='bbox 1236 2137 1305 2197; x_wconf 91' lang='lat' dir='ltr'>tus.</span> <span class='ocrx_word' id='word_1_243' title='bbox 1357 2124 1481 2196; x_wconf 87' lang='lat' dir='ltr'>Mittas</span> <span class='ocrx_word' id='word_1_244' title='bbox 1499 2125 1532 2194; x_wconf 87' lang='lat' dir='ltr'>ei</span> <span class='ocrx_word' id='word_1_245' title='bbox 1555 2127 1790 2216; x_wconf 84' lang='lat' dir='ltr'>germanicam</span> <span class='ocrx_word' id='word_1_246' title='bbox 1807 2125 2005 2218; x_wconf 88' lang='lat' dir='ltr'>Epistulam</span> <span class='ocrx_word' id='word_1_247' title='bbox 2020 2127 2076 2195; x_wconf 88' lang='lat' dir='ltr'>vel</span> <span class='ocrx_word' id='word_1_248' title='bbox 2092 2120 2231 2215; x_wconf 85' lang='lat' dir='ltr'>Argen·</span> 
     </span>
     <span class='ocr_line' id='line_1_33' title="bbox 192 2224 2229 2337; baseline -0.007 -23"><span class='ocrx_word' id='word_1_249' title='bbox 192 2268 259 2337; x_wconf 89' lang='lat' dir='ltr'>pus</span> <span class='ocrx_word' id='word_1_250' title='bbox 283 2224 698 2329; x_wconf 77' lang='lat' dir='ltr'>Mersburgensis***).</span> <span class='ocrx_word' id='word_1_251' title='bbox 758 2225 880 2300; x_wconf 88' lang='lat' dir='ltr'>Audio</span> <span class='ocrx_word' id='word_1_252' title='bbox 910 2241 1028 2297; x_wconf 89' lang='lat' dir='ltr'>autem</span> <span class='ocrx_word' id='word_1_253' title='bbox 1060 2227 1186 2296; x_wconf 89' lang='lat' dir='ltr'>ducem</span> <span class='ocrx_word' id='word_1_254' title='bbox 1237 2226 1368 2312; x_wconf 90' lang='lat' dir='ltr'>tinam,</span> <span class='ocrx_word' id='word_1_255' title='bbox 1393 2228 1450 2296; x_wconf 90' lang='lat' dir='ltr'>vel</span> <span class='ocrx_word' id='word_1_256' title='bbox 1468 2226 1609 2319; x_wconf 90' lang='lat' dir='ltr'>Spiram</span> <span class='ocrx_word' id='word_1_257' title='bbox 1626 2231 1668 2297; x_wconf 92' lang='lat' dir='ltr'>ad</span> <span class='ocrx_word' id='word_1_258' title='bbox 1685 2225 1975 2317; x_wconf 82' lang='lat' dir='ltr'>Argentinenses.</span> <span class='ocrx_word' id='word_1_259' title='bbox 2024 2226 2229 2300; x_wconf 90' lang='lat' dir='ltr'>Benevale.</span> 
     </span>
     <span class='ocr_line' id='line_1_34' title="bbox 191 2326 1572 2417; baseline -0.013 -3"><span class='ocrx_word' id='word_1_260' title='bbox 191 2340 426 2417; x_wconf 84' lang='lat' dir='ltr'>Mauricium</span> <span class='ocrx_word' id='word_1_261' title='bbox 449 2338 539 2406; x_wconf 90' lang='lat' dir='ltr'>velle</span> <span class='ocrx_word' id='word_1_262' title='bbox 553 2348 594 2405; x_wconf 90' lang='lat' dir='ltr'>ut</span> <span class='ocrx_word' id='word_1_263' title='bbox 609 2333 796 2403; x_wconf 88' lang='lat' dir='ltr'>differatur</span> <span class='ocrx_word' id='word_1_264' title='bbox 815 2328 974 2414; x_wconf 84' lang='lat' dir='ltr'>Electio,</span> <span class='ocrx_word' id='word_1_265' title='bbox 1001 2330 1115 2398; x_wconf 91' lang='lat' dir='ltr'>donec</span> <span class='ocrx_word' id='word_1_266' title='bbox 1131 2326 1186 2394; x_wconf 90' lang='lat' dir='ltr'>vi·</span> <span class='ocrx_word' id='word_1_267' title='bbox 1236 2326 1305 2398; x_wconf 92' lang='lat' dir='ltr'>Die</span> <span class='ocrx_word' id='word_1_268' title='bbox 1324 2326 1360 2403; x_wconf 88' lang='grc'>4.</span> <span class='ocrx_word' id='word_1_269' title='bbox 1375 2327 1572 2404; x_wconf 83' lang='lat' dir='ltr'>Februarii.</span> 
     </span>
    </p>
   </div>
   <div class='ocr_carea' id='block_1_15' title="bbox 189 2431 1187 2927">
    <p class='ocr_par' dir='ltr' id='par_1_15' title="bbox 189 2431 1187 2927">
     <span class='ocr_line' id='line_1_35' title="bbox 191 2431 1186 2518; baseline -0.021 1"><span class='ocrx_word' id='word_1_270' title='bbox 191 2451 318 2518; x_wconf 90' lang='lat' dir='ltr'>deatur</span> <span class='ocrx_word' id='word_1_271' title='bbox 341 2444 453 2514; x_wconf 83' lang='lat' dir='ltr'>exitus</span> <span class='ocrx_word' id='word_1_272' title='bbox 483 2448 689 2508; x_wconf 91' lang='lat' dir='ltr'>conventus.</span> <span class='ocrx_word' id='word_1_273' title='bbox 754 2431 852 2502; x_wconf 91' lang='lat' dir='ltr'>Haec</span> <span class='ocrx_word' id='word_1_274' title='bbox 879 2432 949 2501; x_wconf 90' lang='lat' dir='ltr'>iam</span> <span class='ocrx_word' id='word_1_275' title='bbox 982 2432 1186 2500; x_wconf 86' lang='lat' dir='ltr'>ferebantur</span> 
     </span>
     <span class='ocr_line' id='line_1_36' title="bbox 192 2530 1186 2624; baseline -0.022 -2"><span class='ocrx_word' id='word_1_276' title='bbox 192 2573 273 2623; x_wconf 89' lang='lat' dir='ltr'>cum</span> <span class='ocrx_word' id='word_1_277' title='bbox 292 2544 358 2617; x_wconf 92' lang='lat' dir='ltr'>has</span> <span class='ocrx_word' id='word_1_278' title='bbox 374 2545 494 2613; x_wconf 87' lang='lat' dir='ltr'>literas</span> <span class='ocrx_word' id='word_1_279' title='bbox 507 2539 708 2610; x_wconf 88' lang='lat' dir='ltr'>scriberem.</span> <span class='ocrx_word' id='word_1_280' title='bbox 759 2533 856 2605; x_wconf 89' lang='lat' dir='ltr'>Deus</span> <span class='ocrx_word' id='word_1_281' title='bbox 878 2535 938 2604; x_wconf 90' lang='lat' dir='ltr'>det</span> <span class='ocrx_word' id='word_1_282' title='bbox 959 2530 1186 2624; x_wconf 89' lang='lat' dir='ltr'>Principibus</span> 
     </span>
     <span class='ocr_line' id='line_1_37' title="bbox 191 2635 1187 2724; baseline -0.023 0"><span class='ocrx_word' id='word_1_283' title='bbox 191 2655 287 2724; x_wconf 91' lang='lat' dir='ltr'>bona</span> <span class='ocrx_word' id='word_1_284' title='bbox 308 2663 343 2719; x_wconf 89' lang='lat' dir='ltr'>et</span> <span class='ocrx_word' id='word_1_285' title='bbox 364 2643 531 2716; x_wconf 89' lang='lat' dir='ltr'>salutaria</span> <span class='ocrx_word' id='word_1_286' title='bbox 554 2639 721 2718; x_wconf 90' lang='lat' dir='ltr'>consilia,</span> <span class='ocrx_word' id='word_1_287' title='bbox 747 2636 977 2707; x_wconf 76' lang='lat' dir='ltr'>nesundicus</span> <span class='ocrx_word' id='word_1_288' title='bbox 1001 2635 1187 2704; x_wconf 91' lang='lat' dir='ltr'>deleantur</span> 
     </span>
     <span class='ocr_line' id='line_1_38' title="bbox 189 2738 1186 2835; baseline -0.019 -10"><span class='ocrx_word' id='word_1_289' title='bbox 189 2750 385 2835; x_wconf 83' lang='lat' dir='ltr'>Ecclesiae,</span> <span class='ocrx_word' id='word_1_290' title='bbox 411 2759 447 2817; x_wconf 89' lang='lat' dir='ltr'>et</span> <span class='ocrx_word' id='word_1_291' title='bbox 469 2745 636 2815; x_wconf 84' lang='lat' dir='ltr'>defendat</span> <span class='ocrx_word' id='word_1_292' title='bbox 655 2740 713 2833; x_wconf 92' lang='lat' dir='ltr'>pia</span> <span class='ocrx_word' id='word_1_293' title='bbox 736 2753 771 2811; x_wconf 91' lang='lat' dir='ltr'>et</span> <span class='ocrx_word' id='word_1_294' title='bbox 792 2738 959 2809; x_wconf 88' lang='lat' dir='ltr'>salutaria</span> <span class='ocrx_word' id='word_1_295' title='bbox 977 2738 1094 2809; x_wconf 88' lang='lat' dir='ltr'>studia</span> <span class='ocrx_word' id='word_1_296' title='bbox 1120 2738 1186 2806; x_wconf 91' lang='lat' dir='ltr'>do-</span> 
     </span>
     <span class='ocr_line' id='line_1_39' title="bbox 192 2840 1186 2927; baseline -0.016 0"><span class='ocrx_word' id='word_1_297' title='bbox 192 2856 326 2927; x_wconf 91' lang='lat' dir='ltr'>ctrinae</span> <span class='ocrx_word' id='word_1_298' title='bbox 352 2865 386 2921; x_wconf 90' lang='lat' dir='ltr'>et</span> <span class='ocrx_word' id='word_1_299' title='bbox 411 2860 526 2918; x_wconf 83' lang='lat' dir='ltr'>servet</span> <span class='ocrx_word' id='word_1_300' title='bbox 546 2844 637 2918; x_wconf 90' lang='lat' dir='ltr'>Cels.</span> <span class='ocrx_word' id='word_1_301' title='bbox 652 2870 684 2912; x_wconf 94' lang='lat' dir='ltr'>v.</span> <span class='ocrx_word' id='word_1_302' title='bbox 708 2842 924 2913; x_wconf 89' lang='lat' dir='ltr'>incolumem</span> <span class='ocrx_word' id='word_1_303' title='bbox 941 2853 976 2911; x_wconf 91' lang='lat' dir='ltr'>et</span> <span class='ocrx_word' id='word_1_304' title='bbox 987 2840 1186 2911; x_wconf 88' lang='lat' dir='ltr'>florentem.</span> 
     </span>
    </p>
   </div>
   <div class='ocr_carea' id='block_1_16' title="bbox 191 2938 1084 3040">
    <p class='ocr_par' dir='ltr' id='par_1_16' title="bbox 191 2938 1084 3040">
     <span class='ocr_line' id='line_1_40' title="bbox 191 2938 1084 3040; baseline -0.017 -11"><span class='ocrx_word' id='word_1_305' title='bbox 191 2957 303 3030; x_wconf 90' lang='lat' dir='ltr'>Datae</span> <span class='ocrx_word' id='word_1_306' title='bbox 317 2952 554 3040; x_wconf 83' lang='lat' dir='ltr'>Witebergae</span> <span class='ocrx_word' id='word_1_307' title='bbox 568 2947 682 3040; x_wconf 90' lang='lat' dir='ltr'>prima</span> <span class='ocrx_word' id='word_1_308' title='bbox 695 2944 753 3014; x_wconf 89' lang='lat' dir='ltr'>die</span> <span class='ocrx_word' id='word_1_309' title='bbox 767 2943 953 3013; x_wconf 86' lang='lat' dir='ltr'>Februarii</span> <span class='ocrx_word' id='word_1_310' title='bbox 974 2938 1084 3016; x_wconf 83' lang='lat'>1544.</span> 
     </span>
    </p>
   </div>
   <div class='ocr_carea' id='block_1_17' title="bbox 243 3076 1085 3164">
    <p class='ocr_par' dir='ltr' id='par_1_17' title="bbox 243 3076 1085 3164">
     <span class='ocr_line' id='line_1_41' title="bbox 243 3076 1085 3164; baseline -0.023 0"><span class='ocrx_word' id='word_1_311' title='bbox 243 3085 459 3164; x_wconf 89' lang='lat' dir='ltr'>Celsitudini</span> <span class='ocrx_word' id='word_1_312' title='bbox 474 3095 609 3151; x_wconf 89' lang='lat' dir='ltr'>vestrae</span> <span class='ocrx_word' id='word_1_313' title='bbox 822 3076 1085 3147; x_wconf 85' lang='lat' dir='ltr'>addictissimus</span> 
     </span>
    </p>
   </div>
   <div class='ocr_carea' id='block_1_18' title="bbox 705 3174 1134 3271">
    <p class='ocr_par' dir='ltr' id='par_1_18' title="bbox 705 3174 1134 3271">
     <span class='ocr_line' id='line_1_42' title="bbox 705 3174 1134 3271; baseline -0.002 -22"><span class='ocrx_word' id='word_1_314' title='bbox 705 3175 895 3271; x_wconf 88' lang='lat' dir='ltr'>Philippus</span> <span class='ocrx_word' id='word_1_315' title='bbox 909 3174 1134 3249; x_wconf 88' lang='lat' dir='ltr'>Melanthon.</span> 
     </span>
    </p>
   </div>
   <div class='ocr_carea' id='block_1_19' title="bbox 896 3387 1189 3401">
    <p class='ocr_par' dir='ltr' id='par_1_19' title="bbox 896 3387 1189 3401">
     <span class='ocr_line' id='line_1_43' title="bbox 896 3387 1189 3401; baseline -0.01 3"><span class='ocrx_word' id='word_1_316' title='bbox 896 3387 1189 3401; x_wconf 54' lang='grc' dir='ltr'><em>Ἣ</em></span> 
     </span>
    </p>
   </div>
   <div class='ocr_carea' id='block_1_20' title="bbox 195 3533 392 3667">
    <p class='ocr_par' dir='ltr' id='par_1_20' title="bbox 195 3533 392 3667">
     <span class='ocr_line' id='line_1_44' title="bbox 195 3533 392 3667; baseline -0.01 -55"><span class='ocrx_word' id='word_1_317' title='bbox 195 3533 392 3667; x_wconf 58' lang='lat' dir='ltr'>Q.</span> 
     </span>
    </p>
   </div>
   <div class='ocr_carea' id='block_1_21' title="bbox 1054 3625 1189 3654">
    <p class='ocr_par' dir='ltr' id='par_1_21' title="bbox 1054 3625 1189 3654">
     <span class='ocr_line' id='line_1_45' title="bbox 1054 3625 1189 3654; baseline 0 0"><span class='ocrx_word' id='word_1_318' title='bbox 1054 3625 1189 3654; x_wconf 52' lang='grc' dir='ltr'><em>Μ</em></span> 
     </span>
    </p>
   </div>
   <div class='ocr_carea' id='block_1_22' title="bbox 510 3705 885 3797">
    <p class='ocr_par' dir='ltr' id='par_1_22' title="bbox 510 3705 885 3797">
     <span class='ocr_line' id='line_1_46' title="bbox 510 3705 885 3797; baseline -0.027 0"><span class='ocrx_word' id='word_1_319' title='bbox 510 3711 554 3797; x_wconf 85' lang='lat' dir='ltr'><em>V</em></span> <span class='ocrx_word' id='word_1_320' title='bbox 553 3716 615 3793; x_wconf 81' lang='lat' dir='ltr'>ito</span> <span class='ocrx_word' id='word_1_321' title='bbox 649 3705 885 3789; x_wconf 79' lang='lat' dir='ltr'>Theodoro.</span> 
     </span>
    </p>
   </div>
   <div class='ocr_carea' id='block_1_23' title="bbox 179 3868 1193 4018">
    <p class='ocr_par' dir='ltr' id='par_1_23' title="bbox 179 3868 1193 4018">
     <span class='ocr_line' id='line_1_47' title="bbox 179 3868 1193 4018; baseline -0.014 -80"><span class='ocrx_word' id='word_1_322' title='bbox 179 3881 188 3894; x_wconf 90' lang='lat'><strong><em>‘</em></strong></span> <span class='ocrx_word' id='word_1_323' title='bbox 269 3880 354 4004; x_wconf 63' lang='lat' dir='ltr'>Epistc.</span> <span class='ocrx_word' id='word_1_324' title='bbox 367 3875 485 4018; x_wconf 58' lang='grc' dir='ltr'>1115Ρ11ἑ8</span> <span class='ocrx_word' id='word_1_325' title='bbox 486 3892 515 3997; x_wconf 75' lang='lat' dir='ltr'>p</span> <span class='ocrx_word' id='word_1_326' title='bbox 530 3873 580 3928; x_wconf 87' lang='grc'>186</span> <span class='ocrx_word' id='word_1_327' title='bbox 587 3890 628 3942; x_wconf 84' lang='lat' dir='ltr'>sq.</span> <span class='ocrx_word' id='word_1_328' title='bbox 647 3900 683 3913; x_wconf 88' lang='lat'><em>-</em></span> <span class='ocrx_word' id='word_1_329' title='bbox 718 3868 771 3923; x_wconf 88' lang='lat' dir='ltr'>llic</span> <span class='ocrx_word' id='word_1_330' title='bbox 784 3887 814 3921; x_wconf 81' lang='lat' dir='ltr'>ex</span> <span class='ocrx_word' id='word_1_331' title='bbox 827 3868 995 3941; x_wconf 80' lang='lat' dir='ltr'>autographo</span> <span class='ocrx_word' id='word_1_332' title='bbox 1009 3868 1039 3921; x_wconf 89' lang='lat' dir='ltr'>in</span> <span class='ocrx_word' id='word_1_333' title='bbox 1051 3868 1114 3924; x_wconf 85' lang='lat' dir='ltr'>cod.</span> <span class='ocrx_word' id='word_1_334' title='bbox 1124 3869 1193 3924; x_wconf 88' lang='lat' dir='ltr'>Mo·</span> 
     </span>
     <span class='ocr_line' id='line_1_48' title="bbox 299 3968 512 4004; baseline -0.014 -1"><span class='ocrx_word' id='word_1_335' title='bbox 299 3968 361 4004; x_wconf 85' lang='lat' dir='ltr'>ns.</span> <span class='ocrx_word' id='word_1_336' title='bbox 389 3983 396 4001; x_wconf 83' lang='lat'>.</span> <span class='ocrx_word' id='word_1_337' title='bbox 430 3985 437 4002; x_wconf 91' lang='lat'>.</span> <span class='ocrx_word' id='word_1_338' title='bbox 505 3983 512 4000; x_wconf 90' lang='lat'>.</span> 
     </span>
    </p>
   </div>
   <div class='ocr_carea' id='block_1_24' title="bbox 249 4089 1145 4292">
    <p class='ocr_par' dir='ltr' id='par_1_24' title="bbox 249 4089 1145 4292">
     <span class='ocr_line' id='line_1_49' title="bbox 249 4089 1145 4192; baseline -0.015 -13"><span class='ocrx_word' id='word_1_339' title='bbox 249 4106 303 4181; x_wconf 90' lang='lat' dir='ltr'>D.</span> <span class='ocrx_word' id='word_1_340' title='bbox 342 4101 454 4179; x_wconf 87' lang='lat' dir='ltr'>Vita</span> <span class='ocrx_word' id='word_1_341' title='bbox 478 4093 744 4178; x_wconf 79' lang='lat' dir='ltr'>Theodoro,</span> <span class='ocrx_word' id='word_1_342' title='bbox 787 4089 929 4169; x_wconf 83' lang='lat' dir='ltr'>docenti</span> <span class='ocrx_word' id='word_1_343' title='bbox 960 4090 1145 4192; x_wconf 76' lang='lat' dir='ltr'>Evangel.</span> 
     </span>
     <span class='ocr_line' id='line_1_50' title="bbox 578 4196 822 4292; baseline -0.012 -18"><span class='ocrx_word' id='word_1_344' title='bbox 578 4196 822 4292; x_wconf 83' lang='lat' dir='ltr'>Noribergac.</span> 
     </span>
    </p>
   </div>
   <div class='ocr_carea' id='block_1_25' title="bbox 194 4328 1197 4954">
    <p class='ocr_par' dir='ltr' id='par_1_25' title="bbox 194 4328 1197 4954">
     <span class='ocr_line' id='line_1_51' title="bbox 198 4328 1193 4425; baseline -0.008 -13"><span class='ocrx_word' id='word_1_345' title='bbox 198 4332 246 4425; x_wconf 85' lang='lat' dir='ltr'>S.</span> <span class='ocrx_word' id='word_1_346' title='bbox 279 4345 326 4421; x_wconf 85' lang='lat' dir='ltr'>D.</span> <span class='ocrx_word' id='word_1_347' title='bbox 389 4334 492 4412; x_wconf 88' lang='lat' dir='ltr'>Nihil</span> <span class='ocrx_word' id='word_1_348' title='bbox 525 4336 641 4405; x_wconf 86' lang='lat' dir='ltr'>simile</span> <span class='ocrx_word' id='word_1_349' title='bbox 675 4332 768 4415; x_wconf 90' lang='lat' dir='ltr'>vidi,</span> <span class='ocrx_word' id='word_1_350' title='bbox 812 4328 970 4422; x_wconf 63' lang='lat' dir='ltr'>poemati</span> <span class='ocrx_word' id='word_1_351' title='bbox 1009 4330 1193 4405; x_wconf 90' lang='lat' dir='ltr'>Bavarico.</span> 
     </span>
     <span class='ocr_line' id='line_1_52' title="bbox 194 4426 1194 4528; baseline -0.017 -4"><span class='ocrx_word' id='word_1_352' title='bbox 194 4451 274 4524; x_wconf 77' lang='lat' dir='ltr'>‘Nec</span> <span class='ocrx_word' id='word_1_353' title='bbox 297 4432 423 4519; x_wconf 86' lang='lat' dir='ltr'>dubito</span> <span class='ocrx_word' id='word_1_354' title='bbox 444 4439 613 4511; x_wconf 89' lang='lat' dir='ltr'>Nemesin</span> <span class='ocrx_word' id='word_1_355' title='bbox 635 4429 700 4508; x_wconf 82' lang='grc' dir='ltr'>καὶ</span> <span class='ocrx_word' id='word_1_356' title='bbox 721 4426 930 4528; x_wconf 67' lang='grc'><strong>5185555455</strong></span> <span class='ocrx_word' id='word_1_357' title='bbox 954 4434 1056 4504; x_wconf 89' lang='lat' dir='ltr'>brevi</span> <span class='ocrx_word' id='word_1_358' title='bbox 1077 4449 1194 4510; x_wconf 90' lang='lat' dir='ltr'>tantos</span> 
     </span>
     <span class='ocr_line' id='line_1_53' title="bbox 200 4533 1195 4639; baseline -0.015 -14"><span class='ocrx_word' id='word_1_359' title='bbox 200 4556 339 4627; x_wconf 88' lang='lat' dir='ltr'>lurores</span> <span class='ocrx_word' id='word_1_360' title='bbox 374 4542 582 4639; x_wconf 89' lang='lat' dir='ltr'>punituram</span> <span class='ocrx_word' id='word_1_361' title='bbox 620 4561 705 4611; x_wconf 89' lang='lat' dir='ltr'>esse.</span> <span class='ocrx_word' id='word_1_362' title='bbox 772 4533 974 4606; x_wconf 84' lang='lat' dir='ltr'>Meministi</span> <span class='ocrx_word' id='word_1_363' title='bbox 1015 4534 1195 4629; x_wconf 89' lang='lat' dir='ltr'>Rapsacis,</span> 
     </span>
     <span class='ocr_line' id='line_1_54' title="bbox 202 4633 1197 4730; baseline -0.013 -5"><span class='ocrx_word' id='word_1_364' title='bbox 202 4644 395 4728; x_wconf 90' lang='lat' dir='ltr'>Cherinthi</span> <span class='ocrx_word' id='word_1_365' title='bbox 417 4659 451 4716; x_wconf 92' lang='lat' dir='ltr'>et</span> <span class='ocrx_word' id='word_1_366' title='bbox 470 4645 686 4723; x_wconf 88' lang='lat' dir='ltr'>multomm,</span> <span class='ocrx_word' id='word_1_367' title='bbox 713 4638 785 4707; x_wconf 91' lang='lat' dir='ltr'>imo</span> <span class='ocrx_word' id='word_1_368' title='bbox 810 4650 844 4708; x_wconf 89' lang='lat' dir='ltr'>et</span> <span class='ocrx_word' id='word_1_369' title='bbox 860 4637 971 4730; x_wconf 86' lang='lat' dir='ltr'>ipsius</span> <span class='ocrx_word' id='word_1_370' title='bbox 993 4633 1104 4710; x_wconf 84' lang='lat' dir='ltr'>Eccii</span> <span class='ocrx_word' id='word_1_371' title='bbox 1122 4643 1197 4715; x_wconf 84' lang='lat' dir='ltr'>exi-</span> 
     </span>
     <span class='ocr_line' id='line_1_55' title="bbox 203 4735 1197 4842; baseline -0.01 -21"><span class='ocrx_word' id='word_1_372' title='bbox 203 4773 293 4832; x_wconf 79' lang='lat' dir='ltr'>tum,</span> <span class='ocrx_word' id='word_1_373' title='bbox 343 4747 515 4828; x_wconf 89' lang='lat' dir='ltr'>Memini,</span> <span class='ocrx_word' id='word_1_374' title='bbox 538 4767 619 4815; x_wconf 76' lang='lat' dir='ltr'>mam</span> <span class='ocrx_word' id='word_1_375' title='bbox 641 4740 859 4813; x_wconf 89' lang='lat' dir='ltr'>Ratisbonae</span> <span class='ocrx_word' id='word_1_376' title='bbox 880 4740 1002 4811; x_wconf 68' lang='lat' dir='ltr'>ferrens</span> <span class='ocrx_word' id='word_1_377' title='bbox 1023 4735 1197 4842; x_wconf 79' lang='grc' dir='ltr'><em>βλάσφη-</em></span> 
     </span>
     <span class='ocr_line' id='line_1_56' title="bbox 203 4841 1197 4954; baseline -0.015 -21"><span class='ocrx_word' id='word_1_378' title='bbox 203 4885 259 4954; x_wconf 85' lang='grc' dir='ltr'>μα</span> <span class='ocrx_word' id='word_1_379' title='bbox 278 4847 394 4930; x_wconf 80' lang='grc' dir='ltr'><em>πολλὰ</em></span> <span class='ocrx_word' id='word_1_380' title='bbox 407 4849 662 4920; x_wconf 86' lang='lat' dir='ltr'>vociferaretur</span> <span class='ocrx_word' id='word_1_381' title='bbox 685 4845 730 4913; x_wconf 91' lang='lat' dir='ltr'>de</span> <span class='ocrx_word' id='word_1_382' title='bbox 755 4841 963 4913; x_wconf 87' lang='lat' dir='ltr'>adoratione</span> <span class='ocrx_word' id='word_1_383' title='bbox 984 4846 1104 4937; x_wconf 90' lang='lat' dir='ltr'>panis,</span> <span class='ocrx_word' id='word_1_384' title='bbox 1137 4873 1197 4918; x_wconf 88' lang='lat' dir='ltr'>eo-</span> 
     </span>
    </p>
   </div>
   <div class='ocr_carea' id='block_1_26' title="bbox 213 5038 438 5061">
    <p class='ocr_par' dir='ltr' id='par_1_26' title="bbox 213 5038 438 5061">
     <span class='ocr_line' id='line_1_57' title="bbox 213 5038 438 5061; baseline -0.009 0"><span class='ocrx_word' id='word_1_385' title='bbox 213 5038 438 5061; x_wconf 62' lang='grc' dir='ltr'>...Ι-’.-</span> 
     </span>
    </p>
   </div>
   <div class='ocr_carea' id='block_1_27' title="bbox 170 5136 1198 5585">
    <p class='ocr_par' dir='ltr' id='par_1_27' title="bbox 170 5136 1198 5585">
     <span class='ocr_line' id='line_1_58' title="bbox 237 5136 491 5212; baseline -0.031 -14"><span class='ocrx_word' id='word_1_386' title='bbox 237 5144 265 5212; x_wconf 57' lang='grc'><strong>8)</strong></span> <span class='ocrx_word' id='word_1_387' title='bbox 283 5136 491 5197; x_wconf 81' lang='lat' dir='ltr'>Onolsbacensi.</span> 
     </span>
     <span class='ocr_line' id='line_1_59' title="bbox 239 5214 921 5292; baseline -0.015 -11"><span class='ocrx_word' id='word_1_388' title='bbox 239 5224 290 5292; x_wconf 60' lang='grc'>481)</span> <span class='ocrx_word' id='word_1_389' title='bbox 310 5219 437 5280; x_wconf 75' lang='lat' dir='ltr'>comitiis</span> <span class='ocrx_word' id='word_1_390' title='bbox 452 5217 639 5292; x_wconf 71' lang='lat' dir='ltr'>spinnelbum,</span> <span class='ocrx_word' id='word_1_391' title='bbox 656 5235 748 5271; x_wconf 87' lang='lat' dir='ltr'>meuse</span> <span class='ocrx_word' id='word_1_392' title='bbox 762 5215 842 5270; x_wconf 82' lang='lat' dir='ltr'>Febr.</span> <span class='ocrx_word' id='word_1_393' title='bbox 855 5214 883 5271; x_wconf 94' lang='lat' dir='ltr'>b.</span> <span class='ocrx_word' id='word_1_394' title='bbox 896 5234 921 5271; x_wconf 79' lang='lat' dir='ltr'>a.</span> 
     </span>
     <span class='ocr_line' id='line_1_60' title="bbox 237 5300 1197 5381; baseline 0.007 -26"><span class='ocrx_word' id='word_1_395' title='bbox 237 5309 310 5381; x_wconf 64' lang='grc'><strong>*18)</strong></span> <span class='ocrx_word' id='word_1_396' title='bbox 327 5307 380 5363; x_wconf 88' lang='lat' dir='ltr'>Die</span> <span class='ocrx_word' id='word_1_397' title='bbox 388 5303 503 5359; x_wconf 86' lang='lat' dir='ltr'>Veneris</span> <span class='ocrx_word' id='word_1_398' title='bbox 516 5321 579 5358; x_wconf 87' lang='lat' dir='ltr'>cum</span> <span class='ocrx_word' id='word_1_399' title='bbox 594 5300 749 5358; x_wconf 86' lang='lat' dir='ltr'>circumcis.</span> <span class='ocrx_word' id='word_1_400' title='bbox 765 5302 880 5358; x_wconf 88' lang='lat' dir='ltr'>Domini</span> <span class='ocrx_word' id='word_1_401' title='bbox 893 5301 985 5376; x_wconf 70' lang='lat'>1544,</span> <span class='ocrx_word' id='word_1_402' title='bbox 1002 5311 1032 5355; x_wconf 86' lang='lat' dir='ltr'>ut</span> <span class='ocrx_word' id='word_1_403' title='bbox 1050 5302 1074 5359; x_wconf 86' lang='lat' dir='ltr'>le</span> <span class='ocrx_word' id='word_1_404' title='bbox 1093 5305 1148 5361; x_wconf 88' lang='lat' dir='ltr'>itur</span> <span class='ocrx_word' id='word_1_405' title='bbox 1167 5309 1197 5362; x_wconf 89' lang='lat' dir='ltr'>in</span> 
     </span>
     <span class='ocr_line' id='line_1_61' title="bbox 274 5323 1197 5444; baseline -0.004 -8"><span class='ocrx_word' id='word_1_406' title='bbox 274 5379 338 5436; x_wconf 82' lang='lat' dir='ltr'>cod.</span> <span class='ocrx_word' id='word_1_407' title='bbox 361 5376 425 5432; x_wconf 77' lang='lat' dir='ltr'>Bar.</span> <span class='ocrx_word' id='word_1_408' title='bbox 446 5374 509 5429; x_wconf 88' lang='lat' dir='ltr'>Vol.</span> <span class='ocrx_word' id='word_1_409' title='bbox 524 5373 545 5429; x_wconf 86' lang='lat' dir='ltr'>l.</span> <span class='ocrx_word' id='word_1_410' title='bbox 566 5391 592 5444; x_wconf 84' lang='lat' dir='ltr'>p.</span> <span class='ocrx_word' id='word_1_411' title='bbox 611 5371 672 5427; x_wconf 81' lang='lat'>718.</span> <span class='ocrx_word' id='word_1_412' title='bbox 718 5370 755 5424; x_wconf 79' lang='lat' dir='ltr'>Ex</span> <span class='ocrx_word' id='word_1_413' title='bbox 776 5391 790 5425; x_wconf 93' lang='lat' dir='ltr'>e</span> <span class='ocrx_word' id='word_1_414' title='bbox 811 5370 889 5426; x_wconf 84' lang='lat' dir='ltr'>istola</span> <span class='ocrx_word' id='word_1_415' title='bbox 902 5370 1032 5443; x_wconf 70' lang='lat' dir='ltr'>Spoletini</span> <span class='ocrx_word' id='word_1_416' title='bbox 1050 5323 1092 5428; x_wconf 72' lang='lat' dir='ltr'>ari</span> <span class='ocrx_word' id='word_1_417' title='bbox 1102 5374 1197 5432; x_wconf 82' lang='lat' dir='ltr'>loram</span> 
     </span>
     <span class='ocr_line' id='line_1_62' title="bbox 170 5391 1198 5570; baseline -0.001 -68"><span class='ocrx_word' id='word_1_418' title='bbox 170 5462 172 5467; x_wconf 83' lang='lat'>·</span> <span class='ocrx_word' id='word_1_419' title='bbox 272 5441 513 5570; x_wconf 53' lang='grc'><strong>5555851558115)</strong></span> <span class='ocrx_word' id='word_1_420' title='bbox 537 5441 566 5500; x_wconf 91' lang='grc'><strong>8.</strong></span> <span class='ocrx_word' id='word_1_421' title='bbox 582 5441 609 5496; x_wconf 93' lang='grc'><strong>8.</strong></span> <span class='ocrx_word' id='word_1_422' title='bbox 629 5439 704 5496; x_wconf 88' lang='lat' dir='ltr'>dom.</span> <span class='ocrx_word' id='word_1_423' title='bbox 723 5391 821 5514; x_wconf 80' lang='lat' dir='ltr'>Epipb.</span> <span class='ocrx_word' id='word_1_424' title='bbox 841 5439 920 5497; x_wconf 87' lang='grc'><strong>1544.</strong></span> <span class='ocrx_word' id='word_1_425' title='bbox 939 5439 1102 5514; x_wconf 75' lang='lat' dir='ltr'>intelligitur</span> <span class='ocrx_word' id='word_1_426' title='bbox 1117 5444 1198 5501; x_wconf 86' lang='lat' dir='ltr'>illum</span> 
     </span>
     <span class='ocr_line' id='line_1_63' title="bbox 286 5509 748 5585; baseline -0.022 -11"><span class='ocrx_word' id='word_1_427' title='bbox 286 5519 356 5574; x_wconf 84' lang='lat' dir='ltr'>uisse</span> <span class='ocrx_word' id='word_1_428' title='bbox 367 5510 573 5585; x_wconf 74' lang='lat' dir='ltr'>sigismundum</span> <span class='ocrx_word' id='word_1_429' title='bbox 586 5529 602 5566; x_wconf 83' lang='lat' dir='ltr'>e</span> <span class='ocrx_word' id='word_1_430' title='bbox 616 5509 748 5566; x_wconf 80' lang='lat' dir='ltr'>Lindene.</span> 
     </span>
    </p>
   </div>
   <div class='ocr_carea' id='block_1_28' title="bbox 1058 3532 1277 3598">
    <p class='ocr_par' dir='ltr' id='par_1_28' title="bbox 1058 3532 1277 3598">
     <span class='ocr_line' id='line_1_64' title="bbox 1058 3532 1277 3598; baseline -0.009 0"><span class='ocrx_word' id='word_1_431' title='bbox 1058 3533 1090 3598; x_wconf 94' lang='grc'>4.</span> <span class='ocrx_word' id='word_1_432' title='bbox 1102 3532 1188 3596; x_wconf 86' lang='lat' dir='ltr'>Febr.</span> <span class='ocrx_word' id='word_1_433' title='bbox 1268 3579 1277 3596; x_wconf 91' lang='lat'>.</span> 
     </span>
    </p>
   </div>
   <div class='ocr_carea' id='block_1_29' title="bbox 1751 2426 2181 2524">
    <p class='ocr_par' dir='ltr' id='par_1_29' title="bbox 1751 2426 2181 2524">
     <span class='ocr_line' id='line_1_65' title="bbox 1751 2426 2181 2524; baseline 0.007 -23"><span class='ocrx_word' id='word_1_434' title='bbox 1751 2427 1939 2524; x_wconf 89' lang='lat' dir='ltr'>Philippus</span> <span class='ocrx_word' id='word_1_435' title='bbox 1956 2426 2181 2504; x_wconf 81' lang='lat' dir='ltr'>Melanthum</span> 
     </span>
    </p>
   </div>
   <div class='ocr_carea' id='block_1_30' title="bbox 1252 2778 1451 2855">
    <p class='ocr_par' dir='ltr' id='par_1_30' title="bbox 1252 2778 1451 2855">
     <span class='ocr_line' id='line_1_66' title="bbox 1252 2778 1451 2855; baseline 0.02 -5"><span class='ocrx_word' id='word_1_436' title='bbox 1252 2778 1319 2854; x_wconf 90' lang='lat' dir='ltr'>No.</span> <span class='ocrx_word' id='word_1_437' title='bbox 1337 2779 1451 2855; x_wconf 76' lang='lat'>2859.</span> 
     </span>
    </p>
   </div>
   <div class='ocr_carea' id='block_1_31' title="bbox 1244 2877 1882 3053">
    <p class='ocr_par' dir='ltr' id='par_1_31' title="bbox 1244 2877 1882 3053">
     <span class='ocr_line' id='line_1_67' title="bbox 1244 2877 1882 3053; baseline -0.002 1"><span class='ocrx_word' id='word_1_438' title='bbox 1244 2877 1456 2915; x_wconf 50' lang='grc' dir='ltr'><strong><em>Μ</em></strong></span> <span class='ocrx_word' id='word_1_439' title='bbox 1592 2967 1649 3052; x_wconf 89' lang='grc' dir='ltr'>Ν.</span> <span class='ocrx_word' id='word_1_440' title='bbox 1679 2967 1882 3053; x_wconf 76' lang='lat' dir='ltr'>Medlere,</span> 
     </span>
    </p>
   </div>
   <div class='ocr_carea' id='block_1_32' title="bbox 1292 3130 2232 3275">
    <p class='ocr_par' dir='ltr' id='par_1_32' title="bbox 1292 3130 2232 3275">
     <span class='ocr_line' id='line_1_68' title="bbox 1292 3130 2232 3254; baseline 0.006 -69"><span class='ocrx_word' id='word_1_441' title='bbox 1292 3135 1330 3185; x_wconf 80' lang='lat' dir='ltr'>Ex</span> <span class='ocrx_word' id='word_1_442' title='bbox 1347 3130 1444 3185; x_wconf 88' lang='lat' dir='ltr'>codice</span> <span class='ocrx_word' id='word_1_443' title='bbox 1459 3130 1552 3184; x_wconf 83' lang='lat' dir='ltr'>Bavari</span> <span class='ocrx_word' id='word_1_444' title='bbox 1568 3130 1631 3186; x_wconf 91' lang='lat' dir='ltr'>Vol.</span> <span class='ocrx_word' id='word_1_445' title='bbox 1645 3132 1665 3185; x_wconf 84' lang='lat'>1.</span> <span class='ocrx_word' id='word_1_446' title='bbox 1676 3151 1707 3254; x_wconf 73' lang='lat' dir='ltr'>p.</span> <span class='ocrx_word' id='word_1_447' title='bbox 1721 3132 1798 3188; x_wconf 75' lang='lat'>1052.</span> <span class='ocrx_word' id='word_1_448' title='bbox 1815 3133 1911 3188; x_wconf 78' lang='lat' dir='ltr'>editas</span> <span class='ocrx_word' id='word_1_449' title='bbox 1925 3132 2133 3207; x_wconf 67' lang='grc'><strong>05555581..</strong></span> <span class='ocrx_word' id='word_1_450' title='bbox 2157 3154 2232 3191; x_wconf 87' lang='lat' dir='ltr'>nunc</span> 
     </span>
     <span class='ocr_line' id='line_1_69' title="bbox 1343 3200 1822 3275; baseline 0.006 -22"><span class='ocrx_word' id='word_1_451' title='bbox 1343 3219 1371 3253; x_wconf 82' lang='lat' dir='ltr'>ex</span> <span class='ocrx_word' id='word_1_452' title='bbox 1385 3200 1446 3255; x_wconf 92' lang='grc'><strong>558.</strong></span> <span class='ocrx_word' id='word_1_453' title='bbox 1462 3201 1524 3256; x_wconf 85' lang='grc'><strong>558.</strong></span> <span class='ocrx_word' id='word_1_454' title='bbox 1539 3211 1663 3257; x_wconf 81' lang='lat' dir='ltr'>accurate</span> <span class='ocrx_word' id='word_1_455' title='bbox 1695 3203 1822 3275; x_wconf 86' lang='lat' dir='ltr'>escripta.</span> 
     </span>
    </p>
   </div>
   <div class='ocr_carea' id='block_1_33' title="bbox 2087 2784 2221 2852">
    <p class='ocr_par' dir='ltr' id='par_1_33' title="bbox 2087 2784 2221 2852">
     <span class='ocr_line' id='line_1_70' title="bbox 2087 2784 2221 2852; baseline -0.015 0"><span class='ocrx_word' id='word_1_456' title='bbox 2087 2788 2121 2852; x_wconf 87' lang='grc'>4.</span> <span class='ocrx_word' id='word_1_457' title='bbox 2136 2784 2221 2850; x_wconf 82' lang='lat' dir='ltr'>Febr.</span> 
     </span>
    </p>
   </div>
   <div class='ocr_carea' id='block_1_34' title="bbox 2072 2881 2231 2904">
    <p class='ocr_par' dir='ltr' id='par_1_34' title="bbox 2072 2881 2231 2904">
     <span class='ocr_line' id='line_1_71' title="bbox 2072 2881 2231 2904; baseline 0.019 -3"><span class='ocrx_word' id='word_1_458' title='bbox 2072 2881 2231 2904; x_wconf 58' lang='grc' dir='ltr'><strong><em>Μ</em></strong></span> 
     </span>
    </p>
   </div>
   <div class='ocr_carea' id='block_1_35' title="bbox 1379 3338 2095 3422">
    <p class='ocr_par' dir='ltr' id='par_1_35' title="bbox 1379 3338 2095 3422">
     <span class='ocr_line' id='line_1_72' title="bbox 1379 3338 2095 3422; baseline 0.011 -11"><span class='ocrx_word' id='word_1_459' title='bbox 1379 3338 1472 3417; x_wconf 88' lang='lat' dir='ltr'>Dm.</span> <span class='ocrx_word' id='word_1_460' title='bbox 1496 3339 1608 3417; x_wconf 89' lang='lat' dir='ltr'>Doct.</span> <span class='ocrx_word' id='word_1_461' title='bbox 1632 3338 1839 3416; x_wconf 84' lang='lat' dir='ltr'>Nicolao</span> <span class='ocrx_word' id='word_1_462' title='bbox 1865 3340 2095 3422; x_wconf 84' lang='lat' dir='ltr'>Medlero.</span> 
     </span>
    </p>
   </div>
   <div class='ocr_carea' id='block_1_36' title="bbox 1240 3456 2239 4905">
    <p class='ocr_par' dir='ltr' id='par_1_36' title="bbox 1240 3456 2239 4905">
     <span class='ocr_line' id='line_1_73' title="bbox 1240 3456 2235 3579; baseline 0.007 -34"><span class='ocrx_word' id='word_1_463' title='bbox 1240 3456 1284 3545; x_wconf 84' lang='lat' dir='ltr'>S.</span> <span class='ocrx_word' id='word_1_464' title='bbox 1311 3476 1356 3552; x_wconf 93' lang='lat' dir='ltr'>D.</span> <span class='ocrx_word' id='word_1_465' title='bbox 1413 3478 1558 3550; x_wconf 91' lang='lat' dir='ltr'>Utinam</span> <span class='ocrx_word' id='word_1_466' title='bbox 1584 3476 1795 3564; x_wconf 67' lang='lat' dir='ltr'>initiatorem,</span> <span class='ocrx_word' id='word_1_467' title='bbox 1822 3499 1884 3555; x_wconf 93' lang='lat' dir='ltr'>tuo</span> <span class='ocrx_word' id='word_1_468' title='bbox 1905 3489 2084 3579; x_wconf 89' lang='lat' dir='ltr'>exemplo,</span> <span class='ocrx_word' id='word_1_469' title='bbox 2109 3487 2235 3554; x_wconf 91' lang='lat' dir='ltr'>memi-</span> 
     </span>
     <span class='ocr_line' id='line_1_74' title="bbox 1240 3577 2236 3676; baseline 0.006 -28"><span class='ocrx_word' id='word_1_470' title='bbox 1240 3594 1393 3664; x_wconf 87' lang='lat' dir='ltr'>mssent,</span> <span class='ocrx_word' id='word_1_471' title='bbox 1433 3584 1539 3651; x_wconf 88' lang='lat' dir='ltr'>etiam</span> <span class='ocrx_word' id='word_1_472' title='bbox 1573 3577 1775 3653; x_wconf 89' lang='lat' dir='ltr'>scholarum</span> <span class='ocrx_word' id='word_1_473' title='bbox 1814 3601 1850 3656; x_wconf 90' lang='lat' dir='ltr'>et</span> <span class='ocrx_word' id='word_1_474' title='bbox 1876 3590 2077 3658; x_wconf 89' lang='lat' dir='ltr'>studiorum</span> <span class='ocrx_word' id='word_1_475' title='bbox 2113 3587 2236 3676; x_wconf 88' lang='lat' dir='ltr'>inspe-</span> 
     </span>
     <span class='ocr_line' id='line_1_75' title="bbox 1242 3687 2234 3776; baseline 0.006 -26"><span class='ocrx_word' id='word_1_476' title='bbox 1242 3695 1356 3752; x_wconf 91' lang='lat' dir='ltr'>ctores</span> <span class='ocrx_word' id='word_1_477' title='bbox 1381 3705 1473 3768; x_wconf 89' lang='lat' dir='ltr'>esse,</span> <span class='ocrx_word' id='word_1_478' title='bbox 1506 3698 1539 3754; x_wconf 90' lang='lat' dir='ltr'>et</span> <span class='ocrx_word' id='word_1_479' title='bbox 1562 3708 1619 3753; x_wconf 91' lang='lat' dir='ltr'>eas</span> <span class='ocrx_word' id='word_1_480' title='bbox 1639 3687 1819 3771; x_wconf 85' lang='lat' dir='ltr'>foverent,</span> <span class='ocrx_word' id='word_1_481' title='bbox 1853 3704 1886 3759; x_wconf 91' lang='lat' dir='ltr'>et</span> <span class='ocrx_word' id='word_1_482' title='bbox 1910 3693 2067 3760; x_wconf 89' lang='lat' dir='ltr'>modesta</span> <span class='ocrx_word' id='word_1_483' title='bbox 2091 3689 2234 3776; x_wconf 89' lang='lat' dir='ltr'>ingenia</span> 
     </span>
     <span class='ocr_line' id='line_1_76' title="bbox 1242 3778 2233 3884; baseline 0.006 -32"><span class='ocrx_word' id='word_1_484' title='bbox 1242 3778 1488 3874; x_wconf 87' lang='lat' dir='ltr'>proveherent.</span> <span class='ocrx_word' id='word_1_485' title='bbox 1540 3781 1719 3878; x_wconf 86' lang='lat' dir='ltr'>Equidem</span> <span class='ocrx_word' id='word_1_486' title='bbox 1735 3785 1810 3859; x_wconf 92' lang='lat' dir='ltr'>Deo</span> <span class='ocrx_word' id='word_1_487' title='bbox 1835 3792 1963 3880; x_wconf 83' lang='lat' dir='ltr'>gratias</span> <span class='ocrx_word' id='word_1_488' title='bbox 1978 3815 2061 3881; x_wconf 84' lang='lat' dir='ltr'>ago,</span> <span class='ocrx_word' id='word_1_489' title='bbox 2087 3791 2184 3884; x_wconf 92' lang='lat' dir='ltr'>quod</span> <span class='ocrx_word' id='word_1_490' title='bbox 2202 3804 2233 3858; x_wconf 91' lang='lat' dir='ltr'>te</span> 
     </span>
     <span class='ocr_line' id='line_1_77' title="bbox 1243 3887 2236 3978; baseline 0.008 -25"><span class='ocrx_word' id='word_1_491' title='bbox 1243 3901 1279 3956; x_wconf 89' lang='lat' dir='ltr'>et</span> <span class='ocrx_word' id='word_1_492' title='bbox 1293 3909 1422 3978; x_wconf 90' lang='lat' dir='ltr'>paucos</span> <span class='ocrx_word' id='word_1_493' title='bbox 1438 3887 1526 3956; x_wconf 89' lang='lat' dir='ltr'>alios</span> <span class='ocrx_word' id='word_1_494' title='bbox 1541 3888 1684 3973; x_wconf 83' lang='lat' dir='ltr'>excitat,</span> <span class='ocrx_word' id='word_1_495' title='bbox 1706 3903 1746 3960; x_wconf 92' lang='lat' dir='ltr'>ut</span> <span class='ocrx_word' id='word_1_496' title='bbox 1763 3893 1910 3977; x_wconf 89' lang='lat' dir='ltr'>curetis,</span> <span class='ocrx_word' id='word_1_497' title='bbox 1936 3918 1980 3962; x_wconf 92' lang='lat' dir='ltr'>ne</span> <span class='ocrx_word' id='word_1_498' title='bbox 2005 3889 2147 3963; x_wconf 89' lang='lat' dir='ltr'>scholae</span> <span class='ocrx_word' id='word_1_499' title='bbox 2174 3894 2236 3961; x_wconf 88' lang='lat' dir='ltr'>de-</span> 
     </span>
     <span class='ocr_line' id='line_1_78' title="bbox 1244 3989 2235 4081; baseline 0.005 -25"><span class='ocrx_word' id='word_1_500' title='bbox 1244 4002 1417 4057; x_wconf 89' lang='lat' dir='ltr'>serantur.</span> <span class='ocrx_word' id='word_1_501' title='bbox 1482 3989 1568 4059; x_wconf 89' lang='lat' dir='ltr'>Scis</span> <span class='ocrx_word' id='word_1_502' title='bbox 1598 4013 1735 4081; x_wconf 87' lang='lat' dir='ltr'>semper</span> <span class='ocrx_word' id='word_1_503' title='bbox 1778 3994 1967 4065; x_wconf 90' lang='lat' dir='ltr'>seminaria</span> <span class='ocrx_word' id='word_1_504' title='bbox 2011 3994 2235 4065; x_wconf 87' lang='lat' dir='ltr'>ecclesiarum</span> 
     </span>
     <span class='ocr_line' id='line_1_79' title="bbox 1245 4083 2237 4184; baseline 0.005 -26"><span class='ocrx_word' id='word_1_505' title='bbox 1245 4083 1381 4159; x_wconf 88' lang='lat' dir='ltr'>scholas</span> <span class='ocrx_word' id='word_1_506' title='bbox 1395 4090 1520 4175; x_wconf 84' lang='lat' dir='ltr'>luisse,</span> <span class='ocrx_word' id='word_1_507' title='bbox 1543 4115 1609 4160; x_wconf 90' lang='lat' dir='ltr'>nec</span> <span class='ocrx_word' id='word_1_508' title='bbox 1628 4117 1729 4184; x_wconf 89' lang='lat' dir='ltr'>posse</span> <span class='ocrx_word' id='word_1_509' title='bbox 1745 4088 1802 4165; x_wconf 90' lang='lat' dir='ltr'>his</span> <span class='ocrx_word' id='word_1_510' title='bbox 1816 4098 1963 4168; x_wconf 90' lang='lat' dir='ltr'>desertis</span> <span class='ocrx_word' id='word_1_511' title='bbox 1977 4099 2069 4167; x_wconf 92' lang='lat' dir='ltr'>ullas</span> <span class='ocrx_word' id='word_1_512' title='bbox 2090 4119 2237 4166; x_wconf 90' lang='lat' dir='ltr'>munere</span> 
     </span>
     <span class='ocr_line' id='line_1_80' title="bbox 1244 4191 2236 4291; baseline 0.007 -32"><span class='ocrx_word' id='word_1_513' title='bbox 1244 4191 1415 4260; x_wconf 89' lang='lat' dir='ltr'>ecclesias.</span> <span class='ocrx_word' id='word_1_514' title='bbox 1455 4191 1536 4261; x_wconf 85' lang='lat' dir='ltr'>ldco</span> <span class='ocrx_word' id='word_1_515' title='bbox 1555 4197 1650 4286; x_wconf 88' lang='lat' dir='ltr'>quod</span> <span class='ocrx_word' id='word_1_516' title='bbox 1668 4197 1770 4281; x_wconf 87' lang='lat' dir='ltr'>facis,</span> <span class='ocrx_word' id='word_1_517' title='bbox 1790 4195 1934 4273; x_wconf 91' lang='lat' dir='ltr'>chariss.</span> <span class='ocrx_word' id='word_1_518' title='bbox 1950 4199 2131 4283; x_wconf 90' lang='lat' dir='ltr'>Medlere,</span> <span class='ocrx_word' id='word_1_519' title='bbox 2157 4221 2236 4291; x_wconf 88' lang='lat' dir='ltr'>per·</span> 
     </span>
     <span class='ocr_line' id='line_1_81' title="bbox 1244 4293 2237 4394; baseline 0.011 -35"><span class='ocrx_word' id='word_1_520' title='bbox 1244 4315 1305 4382; x_wconf 84' lang='lat' dir='ltr'>gas</span> <span class='ocrx_word' id='word_1_521' title='bbox 1326 4294 1460 4373; x_wconf 84' lang='lat' dir='ltr'>lacere,</span> <span class='ocrx_word' id='word_1_522' title='bbox 1490 4309 1617 4365; x_wconf 89' lang='lat' dir='ltr'>ornato</span> <span class='ocrx_word' id='word_1_523' title='bbox 1633 4293 1660 4391; x_wconf 89' lang='lat'>¹)</span> <span class='ocrx_word' id='word_1_524' title='bbox 1684 4294 1839 4384; x_wconf 91' lang='lat' dir='ltr'>scholas,</span> <span class='ocrx_word' id='word_1_525' title='bbox 1872 4316 1906 4372; x_wconf 90' lang='lat' dir='ltr'>et</span> <span class='ocrx_word' id='word_1_526' title='bbox 1927 4296 2083 4394; x_wconf 91' lang='lat' dir='ltr'>provehe</span> <span class='ocrx_word' id='word_1_527' title='bbox 2114 4301 2237 4370; x_wconf 86' lang='lat' dir='ltr'>mode-</span> 
     </span>
     <span class='ocr_line' id='line_1_82' title="bbox 1246 4394 2235 4493; baseline 0.005 -28"><span class='ocrx_word' id='word_1_528' title='bbox 1246 4409 1296 4465; x_wconf 89' lang='lat' dir='ltr'>sta</span> <span class='ocrx_word' id='word_1_529' title='bbox 1316 4394 1344 4491; x_wconf 87' lang='lat'>²)</span> <span class='ocrx_word' id='word_1_530' title='bbox 1368 4396 1546 4486; x_wconf 59' lang='lat' dir='ltr'>ingenia,</span> <span class='ocrx_word' id='word_1_531' title='bbox 1567 4422 1676 4493; x_wconf 89' lang='lat' dir='ltr'>eaque</span> <span class='ocrx_word' id='word_1_532' title='bbox 1699 4401 1736 4468; x_wconf 91' lang='lat' dir='ltr'>in</span> <span class='ocrx_word' id='word_1_533' title='bbox 1762 4425 1800 4470; x_wconf 89' lang='lat' dir='ltr'>rc</span> <span class='ocrx_word' id='word_1_534' title='bbox 1823 4404 1953 4473; x_wconf 88' lang='lat' dir='ltr'>servias</span> <span class='ocrx_word' id='word_1_535' title='bbox 1974 4401 2068 4486; x_wconf 89' lang='lat' dir='ltr'>Deo,</span> <span class='ocrx_word' id='word_1_536' title='bbox 2103 4414 2139 4472; x_wconf 89' lang='lat' dir='ltr'>et</span> <span class='ocrx_word' id='word_1_537' title='bbox 2163 4402 2235 4473; x_wconf 85' lang='lat' dir='ltr'>filio</span> 
     </span>
     <span class='ocr_line' id='line_1_83' title="bbox 1246 4494 2239 4596; baseline 0.006 -29"><span class='ocrx_word' id='word_1_538' title='bbox 1246 4497 1321 4568; x_wconf 88' lang='lat' dir='ltr'>eius</span> <span class='ocrx_word' id='word_1_539' title='bbox 1344 4496 1424 4567; x_wconf 88' lang='lat' dir='ltr'>lesu</span> <span class='ocrx_word' id='word_1_540' title='bbox 1439 4494 1593 4572; x_wconf 90' lang='lat' dir='ltr'>Christo.</span> <span class='ocrx_word' id='word_1_541' title='bbox 1653 4499 1781 4587; x_wconf 85' lang='lat' dir='ltr'>Vides,</span> <span class='ocrx_word' id='word_1_542' title='bbox 1810 4499 1896 4576; x_wconf 90' lang='lat' dir='ltr'>haec</span> <span class='ocrx_word' id='word_1_543' title='bbox 1918 4530 1936 4575; x_wconf 93' lang='lat' dir='ltr'>a</span> <span class='ocrx_word' id='word_1_544' title='bbox 1958 4505 2167 4596; x_wconf 89' lang='lat' dir='ltr'>potentibus</span> <span class='ocrx_word' id='word_1_545' title='bbox 2189 4505 2239 4573; x_wconf 85' lang='lat' dir='ltr'>le-</span> 
     </span>
     <span class='ocr_line' id='line_1_84' title="bbox 1245 4600 2238 4699; baseline 0.005 -32"><span class='ocrx_word' id='word_1_546' title='bbox 1245 4600 1326 4669; x_wconf 87' lang='lat' dir='ltr'>vius</span> <span class='ocrx_word' id='word_1_547' title='bbox 1349 4601 1486 4684; x_wconf 90' lang='lat' dir='ltr'>curari,</span> <span class='ocrx_word' id='word_1_548' title='bbox 1515 4625 1620 4694; x_wconf 89' lang='lat' dir='ltr'>quam</span> <span class='ocrx_word' id='word_1_549' title='bbox 1646 4607 1842 4695; x_wconf 88' lang='lat' dir='ltr'>oportebat.</span> <span class='ocrx_word' id='word_1_550' title='bbox 1893 4606 1967 4677; x_wconf 88' lang='lat' dir='ltr'>Nos</span> <span class='ocrx_word' id='word_1_551' title='bbox 1989 4631 2072 4697; x_wconf 83' lang='lat' dir='ltr'>ergo</span> <span class='ocrx_word' id='word_1_552' title='bbox 2092 4606 2238 4699; x_wconf 82' lang='lat' dir='ltr'>privatis</span> 
     </span>
     <span class='ocr_line' id='line_1_85' title="bbox 1247 4702 2238 4801; baseline 0.004 -29"><span class='ocrx_word' id='word_1_553' title='bbox 1247 4702 1374 4774; x_wconf 88' lang='lat' dir='ltr'>studiis</span> <span class='ocrx_word' id='word_1_554' title='bbox 1397 4718 1432 4774; x_wconf 89' lang='grc'>51</span> <span class='ocrx_word' id='word_1_555' title='bbox 1454 4706 1569 4793; x_wconf 90' lang='lat' dir='ltr'>operis</span> <span class='ocrx_word' id='word_1_556' title='bbox 1592 4705 1771 4775; x_wconf 85' lang='lat' dir='ltr'>ecclesiam</span> <span class='ocrx_word' id='word_1_557' title='bbox 1789 4724 1961 4800; x_wconf 85' lang='lat' dir='ltr'>quantum</span> <span class='ocrx_word' id='word_1_558' title='bbox 1975 4733 2165 4801; x_wconf 86' lang='lat' dir='ltr'>possumus</span> <span class='ocrx_word' id='word_1_559' title='bbox 2185 4709 2238 4777; x_wconf 92' lang='lat' dir='ltr'>iu-</span> 
     </span>
     <span class='ocr_line' id='line_1_86' title="bbox 1247 4801 2236 4905; baseline 0.008 -34"><span class='ocrx_word' id='word_1_560' title='bbox 1247 4828 1381 4877; x_wconf 88' lang='lat' dir='ltr'>vemus.</span> <span class='ocrx_word' id='word_1_561' title='bbox 1446 4801 1717 4877; x_wconf 85' lang='lat' dir='ltr'>Adolescentcm</span> <span class='ocrx_word' id='word_1_562' title='bbox 1741 4804 2007 4905; x_wconf 81' lang='lat' dir='ltr'>Iseberginm&#39;)</span> <span class='ocrx_word' id='word_1_563' title='bbox 2044 4813 2107 4882; x_wconf 85' lang='lat' dir='ltr'>etsi</span> <span class='ocrx_word' id='word_1_564' title='bbox 2139 4802 2236 4881; x_wconf 73' lang='lat' dir='ltr'>antea</span> 
     </span>
    </p>
   </div>
   <div class='ocr_carea' id='block_1_37' title="bbox 1281 5107 1734 5430">
    <p class='ocr_par' dir='ltr' id='par_1_37' title="bbox 1281 5107 1693 5264">
     <span class='ocr_line' id='line_1_87' title="bbox 1283 5107 1693 5173; baseline 0.02 -10"><span class='ocrx_word' id='word_1_565' title='bbox 1283 5107 1313 5171; x_wconf 79' lang='grc'><strong>*1</strong></span> <span class='ocrx_word' id='word_1_566' title='bbox 1331 5109 1413 5166; x_wconf 84' lang='lat' dir='ltr'>Seub.</span> <span class='ocrx_word' id='word_1_567' title='bbox 1427 5114 1571 5169; x_wconf 75' lang='lat' dir='ltr'>mendose:</span> <span class='ocrx_word' id='word_1_568' title='bbox 1587 5122 1693 5173; x_wconf 83' lang='lat' dir='ltr'>eodem.</span> 
     </span>
     <span class='ocr_line' id='line_1_88' title="bbox 1281 5191 1648 5264; baseline 0.027 -19"><span class='ocrx_word' id='word_1_569' title='bbox 1281 5191 1330 5264; x_wconf 79' lang='grc'>**)</span> <span class='ocrx_word' id='word_1_570' title='bbox 1351 5194 1413 5248; x_wconf 90' lang='lat' dir='ltr'>Vid.</span> <span class='ocrx_word' id='word_1_571' title='bbox 1426 5195 1469 5250; x_wconf 76' lang='lat'>25.</span> <span class='ocrx_word' id='word_1_572' title='bbox 1484 5196 1554 5258; x_wconf 86' lang='lat' dir='ltr'>Dec.</span> <span class='ocrx_word' id='word_1_573' title='bbox 1571 5200 1648 5255; x_wconf 85' lang='grc'><strong>1548.</strong></span> 
     </span>
    </p>

    <p class='ocr_par' dir='ltr' id='par_1_38' title="bbox 1282 5278 1734 5430">
     <span class='ocr_line' id='line_1_89' title="bbox 1284 5278 1710 5345; baseline 0.012 -11"><span class='ocrx_word' id='word_1_574' title='bbox 1284 5282 1310 5345; x_wconf 91' lang='grc'>1)</span> <span class='ocrx_word' id='word_1_575' title='bbox 1330 5278 1417 5334; x_wconf 76' lang='lat' dir='ltr'>Dant.</span> <span class='ocrx_word' id='word_1_576' title='bbox 1430 5282 1574 5337; x_wconf 82' lang='lat' dir='ltr'>mendose:</span> <span class='ocrx_word' id='word_1_577' title='bbox 1595 5303 1710 5339; x_wconf 80' lang='lat' dir='ltr'>ornare.</span> 
     </span>
     <span class='ocr_line' id='line_1_90' title="bbox 1282 5363 1734 5430; baseline 0.02 -14"><span class='ocrx_word' id='word_1_578' title='bbox 1282 5364 1310 5430; x_wconf 73' lang='grc'><strong>8)</strong></span> <span class='ocrx_word' id='word_1_579' title='bbox 1333 5363 1422 5421; x_wconf 78' lang='lat' dir='ltr'>Dans.</span> <span class='ocrx_word' id='word_1_580' title='bbox 1439 5367 1585 5421; x_wconf 77' lang='lat' dir='ltr'>mendose:</span> <span class='ocrx_word' id='word_1_581' title='bbox 1605 5370 1734 5425; x_wconf 77' lang='lat' dir='ltr'>honesta.</span> 
     </span>
    </p>
   </div>
   <div class='ocr_carea' id='block_1_38' title="bbox 1283 5446 2256 5597">
    <p class='ocr_par' dir='ltr' id='par_1_39' title="bbox 1283 5446 2256 5597">
     <span class='ocr_line' id='line_1_91' title="bbox 1283 5446 2256 5533; baseline 0.016 -30"><span class='ocrx_word' id='word_1_582' title='bbox 1283 5446 1311 5515; x_wconf 86' lang='grc'><strong>8)</strong></span> <span class='ocrx_word' id='word_1_583' title='bbox 1331 5448 1465 5504; x_wconf 75' lang='lat' dir='ltr'>lohannes</span> <span class='ocrx_word' id='word_1_584' title='bbox 1483 5451 1624 5507; x_wconf 83' lang='lat' dir='ltr'>Garnbirr</span> <span class='ocrx_word' id='word_1_585' title='bbox 1659 5457 1706 5527; x_wconf 88' lang='lat' dir='ltr'>qni</span> <span class='ocrx_word' id='word_1_586' title='bbox 1726 5469 1817 5530; x_wconf 78' lang='lat' dir='ltr'>postes</span> <span class='ocrx_word' id='word_1_587' title='bbox 1831 5463 2028 5533; x_wconf 76' lang='lat' dir='ltr'>ingratissimus</span> <span class='ocrx_word' id='word_1_588' title='bbox 2043 5464 2070 5518; x_wconf 89' lang='lat' dir='ltr'>in</span> <span class='ocrx_word' id='word_1_589' title='bbox 2088 5465 2256 5522; x_wconf 76' lang='lat' dir='ltr'>Medlerum</span> 
     </span>
     <span class='ocr_line' id='line_1_92' title="bbox 1319 5492 1905 5597; baseline 0.022 -25"><span class='ocrx_word' id='word_1_590' title='bbox 1319 5518 1419 5573; x_wconf 86' lang='lat' dir='ltr'>nebulo</span> <span class='ocrx_word' id='word_1_591' title='bbox 1433 5518 1521 5575; x_wconf 83' lang='lat' dir='ltr'>lactus</span> <span class='ocrx_word' id='word_1_592' title='bbox 1535 5531 1582 5579; x_wconf 87' lang='lat' dir='ltr'>est.</span> <span class='ocrx_word' id='word_1_593' title='bbox 1618 5492 1699 5591; x_wconf 76' lang='lat' dir='ltr'>(hoo</span> <span class='ocrx_word' id='word_1_594' title='bbox 1712 5527 1776 5581; x_wconf 90' lang='lat' dir='ltr'>cod.</span> <span class='ocrx_word' id='word_1_595' title='bbox 1792 5528 1905 5597; x_wconf 82' lang='lat' dir='ltr'>ltavsri.)</span> 
     </span>
    </p>
   </div>
   <div class='ocr_carea' id='block_1_39' title="bbox 0 0 2441 6420">
    <p class='ocr_par' dir='ltr' id='par_1_40' title="bbox 0 0 2441 6420">
     <span class='ocr_line' id='line_1_93' title="bbox 0 0 2441 6420; baseline 0 0"><span class='ocrx_word' id='word_1_596' title='bbox 0 0 2441 6420; x_wconf 95' lang='lat' dir='ltr'> </span> 
     </span>
    </p>
   </div>
  </div>
 </body>
</html>
