4868 6420
309 383 392 467 199.

322 555 390 630 No.
407 557 521 629 2778.

318 653 531 693 Μ
1164 651 1314 680 w*

694 739 931 828 Studiosis.

387 919 496 973 norrun.
511 894 539 975 in
551 921 665 994 sorpto
680 921 756 995 pust.
772 923 855 978 aaa.
872 921 987 979 vvueu
1004 922 1037 979 r.
1052 924 1072 980 t.
1091 942 1118 995 ρ.
1132 923 1176 977 u.

701 1076 934 1179 (Studiosis.)

321 1201 442 1287 Nosse
475 1232 748 1309 temperamenta
785 1243 972 1310 corporum
1008 1215 1246 1313 humanorum
1282 1234 1315 1288 et

322 1316 591 1406 inclinationes,
621 1345 709 1414 quae
732 1335 928 1412 sequuntur
943 1323 1076 1404 crasin,
1103 1325 1259 1413 profecto
1276 1323 1313 1389 in

323 1419 396 1490 vita
411 1423 638 1491 utilissimum
655 1437 722 1502 est,
754 1424 917 1492 videlicet
934 1423 977 1492 ad
995 1427 1162 1493 tuendam
1179 1426 1315 1492 videtn-

276 1616 279 1623 .
324 1522 445 1590 dinem
464 1537 497 1591 ct
515 1526 686 1612 regendos
702 1549 828 1597 mores.
864 1523 912 1595 Et
927 1526 1071 1595 ut'aliae
1087 1540 1200 1617 partes
1217 1521 1313 1618 Phy'·

325 1625 428 1710 sices,
464 1627 604 1693 dulcem
626 1622 712 1695 hacc
736 1651 817 1717 pars
835 1628 1032 1696 doctrinam
1052 1641 1085 1696 et
1101 1641 1232 1716 gratam
1250 1629 1316 1695 bo-

324 1728 381 1793 nis
405 1728 556 1816 ingeniis
582 1729 750 1800 continet.
801 1726 912 1818 Coepi
935 1743 1051 1797 autem
1077 1741 1190 1819 nuper
1213 1753 1316 1797 cnar-

324 1852 403 1896 rare
428 1830 544 1897 locum
569 1821 773 1898 Ptolemaei
793 1830 830 1897 in
855 1829 1142 1920 Quadripartito,
1183 1831 1221 1897 in
1245 1854 1315 1922 qun

286 1984 290 1991 .
325 1931 558 1999 conferuntur
571 1929 749 2014 Planetae,
772 1944 1056 2020 temperamenta,
1077 1926 1205 2014 mores,
1220 1956 1317 1999 mor-

325 2032 373 2099 bi.
424 2029 532 2101 Hunc
556 2023 673 2110 locum
694 2033 821 2100 vellem
837 2035 1067 2103 hotissimnm
1088 2057 1166 2102 esso
1179 2034 1315 2102 studio-

325 2133 382 2205 sis.
436 2131 553 2221 Quare
576 2129 747 2202 adhortor
768 2137 905 2203 deditos
920 2134 1074 2204 Graecae
1091 2136 1251 2224 linguae,
1269 2148 1318 2203 ut

325 2259 402 2301 earn
427 2235 613 2304 lectionem
638 2237 795 2307 audiant.
847 2235 920 2306 R'es
943 2238 1037 2326 ipsas
1060 2238 1131 2306 scin
1155 2237 1317 2326 profutu-

326 2361 384 2405 ros
420 2338 660 2420 auditoribus,
695 2352 730 2408 et
764 2338 938 2426 voluptati
973 2340 1118 2409 futuras.
1178 2335 1317 2407 Deinde

278 2506 280 2510 Α
327 2439 458 2507 multae
483 2441 526 2506 in·
545 2463 586 2507 eo
605 2439 682 2506 loco
699 2452 783 2507 sunt
799 2463 900 2507 voces
915 2440 1090 2521 eruditae,
1116 2439 1318 2528 significan-

325 2553 377 2611 tes
393 2563 551 2624 morum,
584 2540 792 2608 morborum
815 2553 847 2608 et
870 2555 1229 2630 temperamentorum
1243 2541 1319 2614 dis-

326 2640 496 2719 crimina,
528 2666 678 2733 quarum
702 2666 829 2711 vocum
854 2643 1105 2733 proprietatem
1123 2643 1318 2731 intelligere

326 2767 406 2833 pars
425 2756 476 2811 est
493 2743 715 2815 eruditionis.
768 2739 857 2837 (An.
876 2740 1003 2838 1543.)

663 3334 992 3416 Testimonium.

397 3511 507 3564 Editnm
540 3521 579 3565 est
603 3511 657 3565 hor.
683 3510 867 3563 testimonium
920 3520 951 3565 ut
973 3529 987 3565 s
1011 3510 1129 3565 Luthero
1154 3514 1321 3588 profectum,

431 3581 588 3636 assarta.
600 3581 628 3632 u
643 3581 718 3650 epra.
734 3579 814 3633 cust.
828 3549 891 3634 vol.
905 3581 926 3634 t.
959 3580 1059 3645 aas,
1084 3581 1156 3634 unae
1172 3583 1237 3635 attus
1252 3585 1318 3637 uu.

432 3651 466 3702 sit
486 3650 519 3702 de
534 3646 663 3701 Wettius
684 3651 710 3700 in
731 3669 773 3717 ep.
794 3647 871 3703 toth.
887 3649 919 3702 Τ.
936 3599 967 3704 l.
982 3669 1008 3720 p.
1022 3649 1081 3704 592.
1099 3678 1132 3688 —
1170 3650 1320 3724 Descripsit

433 3719 500 3770 illud
511 3718 652 3770 Scbtitzius
664 3737 678 3768 e
692 3715 984 3787 codice'l'homaiisno,
1000 3719 1044 3786 qui
1061 3728 1152 3789 postea
1166 3718 1217 3771 fnit
1230 3721 1319 3775 Hum-

431 3785 522 3851 melii,
541 3785 586 3855 qui
603 3803 712 3856 quoqne
727 3785 794 3837 illud
810 3803 840 3836 er
854 3785 902 3836 illo
916 3787 1026 3853 codice,
1043 3789 1089 3839 sed
1104 3790 1166 3841 setis
1182 3790 1310 3844 mendose

432 3853 516 3908 edidit
529 3857 566 3920 (tu
580 3855 759 3915 btsffllbtiotb.
773 3868 823 3909 osu
838 3855 942 3915 letteren
954 3857 1069 3920 midan
1085 3856 1146 3910 Vol.
1157 3856 1189 3909 tt.
1203 3871 1228 3927 p.
1238 3861 1320 3926 ⁴86.).

433 3923 513 3978 Nunc
527 3924 571 3976 ille
584 3923 666 3976 codes
679 3932 720 3974 est
735 3924 762 3975 in
776 3921 899 3976 biblioth.
910 3923 1087 3993 Monacensi‚
1104 3925 1150 3976 ubi
1165 3934 1203 3976 est
1216 3927 1277 3981 cod.
1291 3929 1318 3980 in

351 3998 355 4007 '
432 3996 478 4046 4¹⁰
492 3992 588 4046 no.89.
603 3989 721 4061 navt,
739 4001 765 4044 et
778 3991 876 4061 legitur
907 3991 967 4046 ,99.
986 4020 1019 4034 -
1055 3993 1196 4045 Scbutzius
1209 3995 1317 4064 quidem

433 4061 536 4115 addidit
555 4059 796 4129 subscriptionem:
821 4059 859 4112 M.
879 4010 927 4128 d„
955 4060 1007 4115 i.e.
1028 4061 1319 4132 Martinus-Lutherus,

431 4130 477 4184 sed
498 4149 525 4182 es
547 4130 720 4192 coniectura;
752 4127 779 4180 in
800 4125 895 4182 codice
916 4129 1111 4183 nonhabetnr.
1154 4129 1318 4213 Quanquam
1345 4128 1348 4195 l

433 4208 522 4252 autem
537 4198 722 4252 testimonium
736 4196 763 4248 in
778 4196 868 4256 fronte
882 4197 960 4251 babet
974 4196 1202 4270 nomenLutberi‚
1219 4219 1318 4272 quippe

432 4267 480 4320 illo
496 4278 618 4336 tempore
628 4266 731 4320 Decani
746 4264 881 4319 facultatis
891 4266 915 4318 Τ
915 4265 1105 4337 beologmm,
1126 4277 1216 4320 tamen
1230 4289 1244 4322 a
1256 4269 1317 4322 ble-

434 4336 563 4390 lsnthone
583 4333 770 4404 conscripum
791 4344 845 4405 est,
877 4337 922 4406 qui
942 4334 1071 4405 plersqne
1091 4337 1244 4391 testimonis
1265 4357 1319 4410 pu·

422 4407 503 4462 'bttcs
516 4423 566 4458 suo
578 4402 685 4459 calamo
699 4403 823 4459 exaravit.

339 4662 659 4760 thenbergcusi
673 4657 923 4732 Martinus
943 4656 1204 4745 Lutherus,
1231 4661 1319 4734 Do·

331 4779 422 4851 ator,
450 4767 606 4838 salutem
624 4761 712 4834 dicit
729 4761 898 4834 omnibus
915 4761 1060 4834 lecturis
1075 4759 1148 4834 has
1166 4763 1319 4838 litteras.
1346 4770 1349 4803 ¹

328 4903 471 4996 Petivit
490 4943 507 4987 a
523 4918 626 4985 nobis
641 4913 881 4984 testimonium
906 4917 949 4983 de
974 4915 1046 4985 suis
1067 4915 1211 4999 studiis,
1242 4942 1320 4985 mo.

888 380 1317 463 EPISTOLARUM
1380 380 1590 459 utntx.
1643 377 1780 470 1545.

1190 562 1237 641 (h.
1254 560 1295 641 t.)
1362 556 1401 624 in
1436 555 1563 624 studiis
1595 554 1777 623 literarum
1814 553 1987 642 egregiam
2022 574 2164 643 operam
2197 574 2354 625 navasse.

2276 359 2370 452 eoo'

1364 656 1578 748 Quanquam
1591 669 1718 738 autem,
1733 668 1773 726 ut
1786 669 1910 724 natura
1927 656 2000 723 eius
2011 668 2061 723 est
2073 678 2180 743 capax
2193 653 2355 723 omniurn

1365 759 1505 851 artium,
1530 781 1693 847 magnam
1708 757 1858 827 feliciter
1873 756 1997 825 didicit
2014 749 2259 846 philosophiae
2271 778 2356 846 par·

1365 875 1455 942 tem,
1488 873 1680 943 ettamen,
1719 859 1801 952 qnia
1827 881 1908 926 vere
1930 869 1963 926 et
1988 871 2062 926 toto
2086 872 2226 954 pectore
2247 856 2358 927 sentit

1367 958 1563 1030 humanum
1584 982 1692 1050 genus
1716 983 1789 1028 non
1813 984 1885 1028 esse
1901 983 1983 1027 casu
1997 972 2134 1041 ortum,
2167 959 2227 1025 sed
2244 982 2262 1025 a
2279 956 2357 1028 Deo

1368 1062 1571 1145 conditum,
1596 1077 1637 1151 ,et
1654 1050 1767 1130 Deum
1791 1085 1827 1129 sc
1850 1060 2051 1151 patefecisse
2075 1059 2178 1127 certis
2194 1060 2357 1128 testimo·

1368 1164 1438 1233 niis
1463 1164 1501 1230 in
1522 1157 1589 1231 hoc
1610 1186 1683 1232 uno
1707 1162 1884 1244 doctrinae
1905 1184 2049 1250 genere,
2082 1162 2177 1251 quod
2196 1184 2257 1251 per
2273 1185 2358 1251 pro-

1368 1261 1507 1356 phetas,
1540 1259 1722 1333 Christum
1739 1277 1772 1331 et
1788 1265 1963 1353 apostolos
1979 1264 2061 1330 inde
2084 1285 2194 1354 usque
2218 1264 2264 1330 ab
2287 1262 2358 1329 ini.

1368 1368 1418 1437 tio
1436 1379 1518 1434 nota
1533 1365 1750 1434 successione
1771 1364 1940 1433 traditum
1956 1376 2007 1431 est
2021 1360 2215 1444 Ecclesiae,
2241 1364 2359 1433 studia

1369 1468 1564 1560 praeeipue'
1579 1468 1623 1534 ad
1649 1466 1927 1554 cognoscendam
1951 1465 2148 1534 doctrinam
2173 1466 2358 1534 coelestem

1369 1569 1529 1639 contulit.
1548 1566 1607 1638 ·Ut
1620 1568 1729 1655 igitur
1744 1590 1941 1637 sermonem
1956 1561 2209 1656 prophetarum
2224 1581 2258 1636 et
2272 1590 2359 1656 apo-

1369 1672 1541 1740 stolorum
1566 1670 1744 1760 percipere
1769 1682 1903 1759 posset,
1933 1669 2071 1757 linguas
2096 1667 2220 1735 didicit
2241 1667 2358 1735 ebrai-

1368 1797 1442 1840 cam
1458 1784 1494 1840 et
1506 1794 1682 1859 graecam,
1711 1770 1843 1839 evolvit
1864 1784 1897 1839 et
1911 1771 2071 1839 omnium
2086 1782 2283 1859 temporum
2301 1764 2360 1837 hi-

1367 1874 1512 1942 storiam
1542 1867 1832 1961 comprehensam
1862 1872 1973 1940 literis
2000 1871 2146 1940 ebraicis
2169 1872 2300 1960 graecis
2324 1883 2360 1941 et

1368 1975 1506 2058 latinis,
1547 1973 1646 2042 cuius
1678 1973 1833 2062 cognitio
1857 1975 1901 2041 ad
1926 1974 2138 2042 erudiendas
2165 1986 2300 2041 mentes
2325 1985 2362 2042 et

1370 2076 1626 2144 confirmandas
1648 2098 1748 2144 veras
1766 2075 1954 2165 opiniones
1969 2076 2162 2165 plurimum
2183 2075 2360 2148 conducit.

1368 2175 1721 2272 Diligenteraudivit
1738 2177 1945 2268 interpretes
1957 2172 2210 2267 prophetarum
2226 2189 2259 2245 et
2272 2200 2360 2266 apo·
2385 2179 2390 2188 “

1370 2280 1541 2349 stolorum
1560 2277 1597 2345 in
1615 2272 1681 2345 hac
1703 2273 1841 2376 schola,
1876 2293 1910 2348 et
1930 2279 2083 2349 contulit
2106 2292 2238 2347 veteres
2260 2300 2359 2365 grae-

1370 2404 1428 2450 cos
1444 2392 1478 2449 et
1494 2379 1621 2449 latinos
1638 2380 1824 2469 scriptores
1840 2381 1885 2450 de
1902 2380 2065 2450 ecclesiae
2081 2380 2302 2468 dogmatibus
2326 2388 2374 2450 et'

1369 2482 1508 2574 piarum
1526 2481 1742 2575 synodorum
1759 2483 1915 2567 decreta,
1942 2496 1981 2551 ut
1997 2490 2130 2566 teneat,
2163 2482 2250 2573 quid
2273 2505 2361 2573 apo-

1370 2585 1542 2653 stolorum
1560 2582 1700 2651 ecclesia
1717 2585 1862 2671 puriore
1879 2598 1988 2654 aetate
2004 2585 2168 2667 senserit,
2202 2595 2238 2652 et
2252 2583 2359 2652 deum

1370 2688 1470 2754 firma
1498 2685 1567 2753 fide
1596 2684 1761 2753 invocare
1792 2699 1826 2755 et
1858 2686 1946 2754 alios
1977 2698 2072 2755 recte
2093 2687 2219 2754 docere
2238 2685 2360 2774 possit.

1370 2786 1463 2857 Cum
1494 2787 1602 2875 igitur
1631 2786 1676 2854 ab
1706 2787 1922 2876 amplissimo
1949 2786 2082 2859 Senatu
2107 2785 2363 2875 Ratisponensi

1372 2891 1415 2958 ad
1433 2889 1631 2956 docendum
1648 2883 1881 2976 Evangelium
1898 2902 2041 2959 vocatus
2060 2903 2164 2969 esset,
2199 2912 2270 2956 aca
2292 2912 2361 2956 no·

1372 2991 1426 3058 bis
1443 2990 1589 3080 petitum
1607 3002 1712 3069 esset,
1747 3004 1786 3058 ut
1801 2991 2001 3060 testimonio
2018 2992 2058 3059 in'
2079 2984 2210 3059 scholis
2231 2990 2362 3057 usitato

1373 3092 1693 3174 commendaretur,
1727 3091 1881 3160 libenter
1911 3088 2007 3161 hunc
2032 3090 2183 3161 Hieron.
2210 3086 2362 3184 Nepam

1373 3205 1516 3284 propter
1532 3192 1684 3282 optimos
1699 3192 1810 3284 ipsius
1825 3217 1938 3263 mores
1955 3209 1988 3262 et
2003 3195 2169 3262 eximiam
2190 3193 2363 3261 enutitio-

1373 3319 1454 3362 nem
1485 3297 1596 3382 gradu
1628 3295 1828 3364 doctoratus
1860 3296 1895 3362 in
1922 3290 2117 3383 Theologia
2144 3295 2362 3378 ornavimus,

1373 3398 1480 3488 idque
1499 3391 1554 3464 his
1572 3395 1685 3464 literis
1699 3393 1886 3474 testamur,
1917 3411 1949 3464 et
1964 3395 2080 3465 Deum
2097 3410 2279 3466 aeternum
2296 3421 2361 3488 pa-

1374 3512 1460 3566 trem
1497 3497 1633 3565 domini
1668 3498 1781 3565 nostri
1816 3496 1895 3566 lesu
1924 3492 2077 3581 Christi,
2118 3499 2286 3591 quoniam
2319 3498 2360 3565 in

1371 3595 1556 3687 Evangelii
1589 3598 1703 3665 lucem
1733 3621 1813 3666 eum
1839 3601 1996 3670 traduxit
2021 3623 2060 3667 ac
2084 3602 2302 3668 voluntatem
2326 3598 2361 3667 ei

1371 3699 1487 3781 dedit,
1522 3712 1562 3768 ut
1587 3699 1643 3788 pic
1665 3700 1798 3768 servire
1813 3697 1988 3769 Ecclesiae
2004 3702 2140 3789 cupiat,
2166 3724 2363 3790 precamur,

1312 3829 1320 3861 ν
1371 3815 1410 3871 nt
1425 3803 1567 3895 adiuret
1583 3825 1680 3879 eum,
1715 3814 1754 3869 ut
1769 3802 2003 3878 ministerium
2029 3804 2103 3872 eius
2127 3804 2172 3871 sit
2194 3802 2302 3870 foelix
2327 3815 2362 3873 et

1372 3903 1542 3982 salutare,
1570 3902 1660 3972 sicut
1677 3903 1927 3993 scriptumest:
1958 3901 2054 3973 Deus
2069 3918 2138 3987 est,
2164 3903 2224 3997 qui
2241 3917 2281 3971 nt
2295 3904 2362 3972 ho-

1344 4005 1348 4095 l
1372 4029 1416 4072 na
1434 4004 1581 4072 velimus
1597 4003 1720 4086 efficit,
1752 4017 1786 4074 et
1810 4007 1955 4074 adiuvat
1976 4018 2016 4075 ut
2029 4007 2249 4096 perficiamus
2266 3998 2367 4099 tinio·

1371 4110 1435 4197 τῆς
1452 4099 1622 4185 εὐδοκίας
1627 4156 1639 4189 ,
1667 4105 1690 4177 i.
1710 4129 1738 4177 e.
1758 4120 1797 4174 ut
1812 4106 1928 4198 aliqua
1947 4108 2032 4177 fiant
2049 4109 2113 4198 ipsi
2131 4120 2237 4196 grata.
2282 4105 2363 4175 Ma·

1372 4208 1463 4274 xima
1494 4207 1588 4274 enim
1616 4228 1696 4297 pars
1720 4207 1859 4295 generis
1885 4202 2051 4293 humani,
2092 4211 2252 4277 furenter
2276 4232 2362 4276 con·

1373 4324 1532 4377 temnens
1547 4306 1681 4391 Deum,
1716 4309 1789 4379 ruit
1811 4308 1849 4377 in
1869 4309 2017 4390 scelera,
2051 4311 2179 4402 quihus
2203 4306 2362 4379 horribi-

1345 4406 1349 4519 ξ
1374 4411 1454 4479 liter
1468 4408 1562 4478 Deus
1578 4411 1751 4495 irascitur.
1805 4408 1875 4481 Sed
1898 4435 1943 4478 ne
1964 4425 2076 4480 totum
2100 4435 2209 4500 genus
2232 4407 2361 4480 huma·

329 4527 506 4638 Detonsis
521 4554 686 4656 Collegit
703 4553 919 4629 Facultates
939 4555 1116 4655 Theolog.
1142 4561 1180 4630 in
1205 4538 1319 4667 dead.
1345 4568 1350 4671 Ι

1373 4537 1458 4580 num
1475 4526 1604 4601 pereat,
1629 4511 1781 4601 excerpit
1795 4510 1891 4580 Dens
1908 4512 2044 4604 aliquos
2060 4515 2096 4580 in
2115 4512 2273 4582 Ecclesia
2288 4537 2361 4598 sua,

1373 4638 1435 4703 per
1452 4637 1540 4705 quos
1556 4614 1723 4683 salutaria
1740 4614 1829 4682 fiunt
1839 4610 1881 4708 ¹),
1912 4639 1976 4705 per
1993 4639 2081 4706 quos
2096 4611 2284 4702 Evangelii
2302 4617 2361 4685 lux

1373 4717 1447 4808 late
1464 4715 1658 4806 spargitur,
1691 4715 1849 4785 etmulti
1871 4717 1915 4784 ad
1938 4717 2154 4805 agnitionem
2171 4715 2237 4786 Dei
2261 4717 2361 4787 etad

1374 4818 1479 4885 vitam
1495 4831 1670 4885 aeternam
1685 4831 1873 4899 vocantur,
1901 4832 2045 4907 propter
2064 4841 2153 4911 quos
2177 4834 2362 4889 servantur

1375 4919 1534 5008 politiae,
1574 4943 1663 5010 quae
1692 4918 1779 4987 fiunt
1807 4914 1956 5008 hospitia
1980 4916 2180 5021 Ecclesiae*
2230 4917 2271 4988 ln
2295 4917 2360 4990 hoc

330 5012 429 5096 ribus
456 5037 487 5090 et
511 5020 621 5109 gradu
643 5017 699 5084 vir
722 5016 952 5101 venerabilis,
992 5018 1120 5105 pietate
1142 5032 1176 5087 et
1199 5021 1319 5088 erudi·
1372 5045 1521 5089 numero
1545 5043 1617 5088 esse
1632 5015 2065 5116 HieronymumNopum
2084 5046 2285 5112 speramns,
2314 5035 2361 5106 et,

330 5131 426 5198 tione
444 5121 623 5214 praeditus
642 5119 797 5207 egregia,
826 5115 960 5187 Ductor
973 5116 1223 5212 Hieronymus
1236 5115 1318 5190 No·
1373 5136 1410 5190 ut
1437 5146 1571 5212 semper
1597 5123 1626 5188 ei
1651 5123 1742 5190 adsit
1762 5120 1874 5205 Dens,
1914 5146 2051 5212 semper
2080 5148 2160 5192 enm
2188 5127 2360 5211 gubernet

328 5251 415 5327 pus:
451 5226 487 5292 id
509 5222 540 5291 ei
556 5216 691 5289 summa
709 5219 967 5308 impertivimus
982 5221 1175 5293 voluntate.
1226 5220 1315 5290 Cum
1370 5224 1652 5315 spiritusancto,
1685 5249 1724 5292 ex
1741 5225 1861 5293 annno
1878 5249 2072 5314 precamur.
2126 5223 2360 5295 Postrcnnoct

331 5333 424 5401 enim
449 5328 487 5394 in
504 5319 562 5391 his
575 5321 781 5410 regionibus
798 5320 886 5389 etin
903 5314 968 5389 hac
984 5317 1173 5390 Academia
1190 5347 1319 5412 magna

330 5458 408 5502 cnm
435 5429 540 5498 larrde
563 5423 707 5514 vixerit,
749 5422 1003 5513 comperimus,
1043 5447 1123 5493 eum
1148 5419 1316 5506 honestis,

329 5536 447 5618 castis,
472 5527 619 5624 placidis
636 5550 676 5595 ac
691 5524 760 5618 piis
773 5525 933 5595 moribus
949 5525 1147 5618 praeditum
1165 5548 1257 5613 esse,
1282 5541 1318 5596 et

1375 5570 1382 5589 ⁶
1404 5556 1431 5626 l)
1449 5551 1560 5610 Schi'rts.
1572 5552 1797 5625 mendosefiout.
