4868 6420
194 324 269 401 757

190 499 259 574 No.
276 497 389 575 3189.

200 597 373 628 m

1039 510 1094 575 14.
1109 505 1194 570 lllaii.

1052 588 1180 626 ὀνκ

522 695 572 787 G.
595 697 880 786 Bccchholzer.

349 862 447 919 Manlii
464 863 565 938 farrag·
583 863 635 919 409
652 883 694 936 sq.

191 1000 399 1114 Georgia
424 1011 799 1099 Bachlcoltaero,
824 1017 1035 1117 praeposito
1061 980 1190 1090 Eccle-

547 1117 626 1190 siae
654 1117 839 1207 Ursinae,

191 1237 239 1328 S·
271 1254 315 1327 D.
374 1250 494 1323 Hodie
529 1276 632 1346 spero
666 1255 857 1324 allaturum
884 1249 975 1323 mihi
1007 1256 1190 1340 nuncium,

193 1383 299 1454 quem
315 1356 397 1423 misi
413 1351 600 1449 Torgam,
618 1357 738 1425 literas
753 1359 797 1426 de
812 1357 959 1446 negocio
977 1358 1105 1426 adfinis
1119 1357 1187 1425 tui:

182 1477 287 1533 *certe
312 1459 572 1528 illustrissimus
589 1457 760 1550 Princeps
783 1461 974 1528 clementer
993 1460 1188 1551 respondit.

193 1566 253 1635 sed
279 1562 318 1629 in
342 1562 449 1632 tantis
471 1561 762 1651 occupationibus
785 1562 919 1631 scribae
944 1562 1080 1632 tardius
1105 1561 1188 1631 mit-

191 1679 276 1738 tunt
307 1663 437 1736 literas.
495 1657 592 1731 Mihi
623 1676 741 1732 tamen
766 1687 840 1731 rem
861 1686 963 1732 curae
988 1686 1062 1733 esse
1087 1663 1186 1736 scito.

191 1768 247 1840 De
269 1766 404 1861 synodo
426 1759 652 1834 Tridentino
682 1766 840 1834 fortassis
867 1765 1027 1837 audistis.
1084 1763 1188 1835 Misit

190 1870 379 1944 Romanus
393 1867 557 1937 Pontifex
581 1867 719 1959 aliquot
739 1863 935 1959 Episcopus
956 1866 1186 1952 Tridentum,

190 1974 254 2067 qui
270 1970 408 2042 usitatis
426 1969 637 2039 ceremoniis
651 1968 835 2063 Synodum
857 1965 1083 2039 inchoarunt.
1109 1963 1186 2037 Ad-

192 2078 341 2148 luerunt
359 2071 410 2142 ibi
434 2086 468 2142 et
494 2066 611 2141 adhuc
631 2073 761 2140 adsunt
782 2072 888 2160 legati
904 2069 1129 2162 Imperatoris
1153 2084 1186 2140 et

192 2167 355 2269 Regist'
350 2168 561 2259 ordinandi,
579 2173 642 2267 qui
662 2173 811 2264 puhlicis
828 2173 1051 2243 orationibus
1066 2185 1185 2242 osten-

191 2285 341 2361 derunt,
375 2301 457 2349 suos
477 2276 642 2347 dominos
671 2298 860 2364 agnoscere
883 2271 975 2345 hanc
1007 2276 1184 2369 synodum

191 2399 361 2475 tanquam
390 2380 545 2469 legitime
576 2390 840 2467 congregatam:
879 2390 913 2446 et
946 2377 1185 2467 promiserunt
1232 2351 1457 2490 mmm·-
1821 2422 1822 2427 ,

190 2482 445 2557 defensionem.
496 2479 691 2550 Haecsunt
712 2480 830 2549 initia:
855 2476 1047 2572 Reliquam
1070 2472 1184 2548 histo-
1239 2515 1411 2544 m

190 2581 281 2660 riam
297 2600 416 2677 postea
431 2583 627 2656 audiemus.
974 2603 982 2620 =

293 2687 348 2758 De
369 2686 570 2781 plagiariis,
608 2683 670 2776 qui
692 2707 733 2752 ex
756 2706 893 2752 carcere
916 2683 1117 2772 effugerunt
1134 2674 1184 2777 ¹¹),

192 2788 288 2863 nihil
311 2787 424 2860 habco
441 2789 537 2882 quod
555 2787 720 2857 scribam.
772 2782 843 2856 Sed
861 2809 923 2854 oro
940 2782 1057 2854 Deum
1073 2797 1184 2853 aeter-

191 2919 281 2966 num
296 2907 432 2984 patrem
447 2888 596 2963 Domini
613 2887 727 2957 nostri
750 2883 829 2955 lesu
845 2882 997 2966 Christi,
1024 2896 1187 2955 autorem

192 2996 332 3090 politici
362 2992 498 3064 ordinis
529 2991 566 3059 in
597 2989 755 3060 societati
781 2984 929 3058 humani
956 2987 1111 3078 generis,
1145 2998 1187 3055 ut

196 3097 411 3169 Germaniae
426 3097 484 3164 det
505 3117 641 3185 pacem:
668 3117 707 3162 ac
732 3091 891 3180 politias,
915 3115 1006 3183 quae
1020 3103 1104 3160 sunt
1119 3079 1187 3157 ho-

195 3201 301 3295 spitia
320 3197 499 3268 Ecclesiae
514 3194 599 3279 Dei,
625 3194 811 3265 custodiat.
868 3191 967 3262 Bene
987 3193 1082 3261 vale:
1108 3190 1188 3274 Die,

195 3330 268 3398 quo
303 3302 398 3369 filins
427 3296 495 3369 Dei
529 3290 774 3387 triumphans,
818 3309 995 3385 spectante
1028 3292 1186 3364 Ecclesia

188 3405 354 3477 ‚ascendit
376 3405 416 3471 in
441 3400 598 3469 coelum:
625 3423 664 3467 ac
681 3396 855 3480 ostendit,
879 3399 1018 3490 qualem
1039 3390 1188 3484 gloriam

196 3523 374 3579 aeternam
399 3500 559 3574 Ecclesia
583 3496 750 3570 habitura
774 3512 871 3570 esset.
932 3498 1009 3568 Hac
1032 3522 1097 3568 nos
1130 3519 1189 3588 spe

197 3611 434 3681 consolemur.
484 3604 582 3675 Bene
597 3605 685 3672 vale.
738 3595 924 3673 Annol5.

710 3699 900 3795 Philippus
916 3699 1139 3777 Melanthon.

200 3926 984 3941 -W„-.-..-.-.·-—n--—m-—-.-u-.-..
992 3927 1189 3938 η...-

1030 4098 1088 4157 29.
1106 4087 1192 4152 illati.

935 4207 939 4215 ἱ
1019 4179 1189 4206 m

197 4091 267 4164 No.
283 4089 394 4161 3190.

611 4287 779 4399 Eidem.
828 4340 830 4344 -

355 4447 452 4502 Manlii
471 4447 571 4516 larrag.
587 4465 614 4505 p.
632 4444 683 4498 247
702 4462 742 4514 sq.

206 4605 427 4680 Venerabili
460 4607 556 4683 ciro,
593 4601 732 4673 eximia
770 4595 972 4669 eruditione
1003 4604 1035 4663 et
1065 4596 1199 4690 pietate

200 4706 390 4807 praedito,
431 4703 580 4777 domino
620 4700 823 4795 Georgia
856 4691 1202 4792 Bncllcotczer,

234 4808 444 4909 praeposito
460 4807 648 4879 Ecclesiae
662 4802 917 4887 Berlinensis,
941 4799 1167 4885 amico-suo,

201 4927 250 5018 S.
275 4947 321 5018 D.
375 4945 443 5015 Fui
462 4943 518 5015 his
534 4944 660 5013 diebus
675 4929 823 5033 Targae
847 4938 885 5006 in
902 4937 1001 5019 aula,
1027 4934 1092 5004 ubi
1115 4935 1200 5004 dili-

202 5065 326 5141 genter
341 5049 511 5142 inquisivi
527 5049 569 5116 de
588 5042 733 5133 negocio
749 5041 875 5110 adfinis
890 5039 954 5110 tui.
1001 5032 1200 5107 Narrarunt

240 5315 423 5387 *linquitur
443 5312 476 5365 de
498 5307 685 5374 Alcbemistis,
704 5304 751 5377 qui
770 5303 959 5385 lllarchionem
974 5301 1128 5357 illectorem
1152 5304 1201 5385 {¹²3

276 5394 405 5456 ceperant
427 5393 454 5464 ‘l
477 5378 834 5495 τιυιυςειιιιι,ιὶ.ιιιοὶ13ιιορε
852 5371 1045 5495 ,efflhgffi
1061 5372 1201 5496 impios?

277 5447 693 5582 43ΥὲῗᾶῨένῖιῖζῗῖἓῗῗῖῗέἓ
706 5465 803 5566 ιγ’...
816 5459 849 5564 vl
864 5529 889 5581 p.
904 5511 991 5580 nc).

767 323 1206 459 Eetsrotaatttu
1263 329 1473 410 LIB.1X.
1525 331 1660 414 1645.

2168 347 2243 422 rsa
2312 326 2316 329 ’

1246 502 1354 592 igitur
1369 505 1475 592 mihi,
1491 507 1661 600 scriptum
1678 534 1752 581 esse
1763 514 1808 582 ad
1824 516 2059 605 praefectum,
2075 533 2109 590 et
2123 545 2240 591 erem-

1244 606 1345 696 plum
1369 609 1536 698 epistolae
1559 610 1737 704 Principis
1760 619 2005 705 protulerunt,
2032 627 2128 713 quod
2152 625 2237 695 iussi

1244 706 1311 777 tihi
1337 710 1502 786 describi.
1552 715 1612 782 sed
1638 740 1712 784 non
1734 717 1909 804 sciebant,
1929 745 1974 790 an
1993 722 2115 793 literae
2129 724 2236 796 Prin-

1243 808 1330 900 cipis
1355 814 1584 902 pervenerint
1608 818 1653 884 acl
1676 820 1900 907 praesectum.
1952 820 2073 910 Quare
2090 850 2145 893 me
2162 829 2253 898 ius-'

1242 926 1364 983 serunt
1396 915 1595 1007 exemplum
1620 919 1663 988 ad
1688 921 1900 1009 praesectum
1925 923 2079 994 mittere:
2115 931 2177 1021 qui
2204 933 2234 1001 si

1241 1036 1315 1082 non
1340 1018 1473 1108 accepit
1507 1018 1626 1088 literas
1656 1018 1858 1113 Principis,
1886 1038 1928 1094 ut
1949 1039 1999 1094 est
2019 1030 2233 1102 nunciorum

1239 1138 1368 1207 magna
1383 1094 1613 1208 negligentia,
1640 1123 1791 1212 polliciti
1806 1139 1889 1194 sunt
1911 1150 1947 1195 se
1964 1151 2085 1198 rursus
2101 1134 2233 1221 petitu-

1239 1241 1296 1286 ros
1313 1244 1332 1287 a
1346 1218 1511 1312 Principe
1528 1222 1821 1312 obsignationem.
1869 1224 1956 1297 Cras
1972 1229 2081 1316 igitur
2094 1235 2231 1305 mittam

1237 1321 1410 1390 nuncium
1424 1324 1637 1413 praefectum
1650 1321 1883 1395 Sliebensem.
1932 1327 2006 1400 Res
2022 1330 2112 1401 mihi
2127 1361 2232 1409 curae

1238 1422 1321 1503 erit,
1347 1438 1385 1493 ut
1403 1426 1623 1515 perficiatur,
1648 1424 1725 1497 Deo
1743 1430 1898 1500 iuvante.
1929 1428 2021 1500 Nam
2038 1431 2129 1504 mihi
2145 1464 2230 1529 pro-

1237 1523 1365 1592 babilis
1383 1551 1483 1595 causa
1502 1527 1661 1615 ridetur,
1687 1530 2086 1606 leniendae'severitatis
2101 1540 2140 1607 in
2162 1537 2229 1612 hac

1237 1648 1286 1692 re.
1352 1624 1621 1698 Consulendum
1654 1644 1705 1701 est
1734 1633 1933 1701 animarum
1969 1638 2094 1724 saluti,
2132 1647 2227 1736 quod

1235 1728 1307 1796 scio
1332 1729 1435 1798 etiam
1459 1728 1662 1821 Principem
1683 1733 1838 1804 libenter
1862 1736 1986 1810 lacere.
2044 1739 2228 1813 Reveren-

1235 1830 1301 1898 dus
1323 1827 1369 1903 D.
1393 1829 1527 1900 Ductor
1548 1829 1750 1903 Martinus
1771 1837 1873 1906 iussit
1897 1854 2056 1909 amanter
2080 1845 2146 1912 tibi
2171 1871 2229 1916 sa·
2264 1918 2267 1922 Α

1234 1929 1343 2000 lutem
1356 1946 1477 2023 optare
1495 1958 1558 2004 suo
1570 1936 1726 2009 nomine.
1754 1936 1946 2012 Benevale.
1978 1939 2116 2018 Dicae.
2126 1946 2228 2018 Maii.

1235 2028 1343 2102 Anno
1361 2032 1421 2107 45.

1234 2274 1532 2286 *mu-m...-

1853 2428 1930 2507 (fere
1948 2434 1977 2496 d·
1999 2445 2057 2506 22.
2078 2438 2179 2524 Mus)

1822 2530 2232 2574 m

1619 2627 1655 2711 Ι.
1683 2626 1840 2716 Menio.

1303 2787 1321 2851 ι
1340 2780 1380 2833 Ex
1397 2781 1567 2864 autogrppho
1579 2784 1711 2842 Melanth.
1729 2787 1796 2842 mihi
1810 2789 1893 2844 misso
1912 2810 1926 2846 a
1942 2792 2052 2850 Clarias.
2068 2798 2232 2874 Meyerboff,

1331 2850 1512 2905 Berolrnensr.

1235 3000 1461 3078 Clarissimo
1482 3006 1559 3076 viro
1584 3005 1788 3082 eruditione
1814 3024 1846 3083 et
1871 3015 1999 3088 virtute
2024 3028 2235 3115 praestanti
2248 3088 2250 3091 .

1221 3106 1291 3185 D.
1313 3107 1341 3179 I
1348 3118 1454 3179 asto
1480 3104 1619 3179 Meni
1626 3135 1647 3180 o
1680 3107 1836 3184 Pastori
1858 3113 2048 3191 Ecclesiae
2072 3122 2245 3211 Isenna-¹

1453 3209 1568 3281 censis
1594 3211 1715 3284 amico
1739 3241 1808 3317 suo
1830 3218 2023 3291 carissimo

1238 3329 1280 3420 S.
1298 3347 1343 3418 D.
1394 3346 1485 3419 Cum
1502 3350 1658 3441 primum
1673 3377 1714 3421 ex
1729 3354 1808 3422 aula
1826 3356 1972 3425 domum
1995 3383 2155 3432 reversus
2179 3389 2235 3434 es·

1239 3477 1330 3536 sem,
1363 3453 1544 3545 multaque
1567 3454 1656 3522 dura
1679 3478 1758 3523 meo
1783 3456 1876 3526 tristi
1898 3482 1978 3527 cum
1997 3465 2103 3531 corde
2128 3479 2234 3557 puta-

1241 3579 1334 3638 rem,
1358 3568 1400 3624 ut
1414 3577 1517 3623 versu
1531 3569 1653 3646 poetae
1671 3557 1798 3626 veteris
1810 3570 1911 3643 utar,
1936 3560 1974 3628 in
1993 3565 2098 3633 rebus
2121 3567 2235 3637 maio-
2329 3642 2335 3646 ,

1242 3657 1342 3726 ribus
1363 3679 1469 3748 quam
1495 3670 1568 3725 erat
1581 3657 1725 3727 bellum
1743 3657 1940 3741 Punicum,
1975 3667 2092 3756 accepi
2115 3668 2233 3741 literas

1236 3775 1321 3833 ,tuas
1351 3756 1590 3838 dulcissimas,
1631 3783 1695 3850 pro
1721 3760 1851 3853 quibus
1878 3763 1994 3832 missis
2015 3768 2144 3856 gratias
2167 3772 2235 3842 tibi

1243 3883 1320 3950 ago.
1370 3856 1545 3951 Aequievi
1568 3861 1661 3928 enim
1684 3862 1945 3954 aliquantulum
1967 3866 2087 3956 legens
2110 3896 2236 3944 conso-

1243 3961 1413 4031 lationem
1435 3973 1544 4033 tuam.
1602 3959 1781 4032 Humanis
1809 3967 1994 4056 praesidiis
2019 3974 2147 4041 nudari
2171 4000 2238 4046 nos

1247 4064 1376 4154 passim
1402 4061 1517 4143 video.
1575 4062 1645 4133 Sed
1667 4060 1733 4134 hac
1755 4090 1811 4136 me
1832 4091 1917 4136 voce
1939 4070 1997 4138 dei
2010 4077 2145 4143 aeterni
2160 4101 2238 4147 sus·

1247 4178 1365 4248 tento,
1397 4165 1458 4256 qui
1481 4165 1617 4256 inquit:
1668 4162 1744 4255 Ego
1770 4168 1875 4237 etiam
1901 4191 2138 4246 senescentem
2166 4174 2238 4248 Ec-

1248 4267 1388 4336 clesiam
1407 4267 1561 4354 gestabo.
1613 4265 1781 4338 Vidimus
1795 4270 1908 4340 multo
1930 4288 2010 4343 ante
2025 4269 2238 4348 Loranien-

1247 4392 1320 4437 scm
1338 4370 1537 4451 decretum,
1561 4380 1594 4436 et
1610 4370 1762 4460 optarim
1776 4374 1911 4461 opponi
1926 4375 2080 4467 aliquam
2097 4381 2239 4452 brevem

1249 4484 1284 4540 ct
1310 4470 1463 4560 graviter
1484 4468 1649 4559 scriptam
1669 4468 1952 4563 Responsionem
1965 4470 2012 4568 l²).
2072 4477 2235 4554 Adorna-

1249 4597 1324 4641 rem
1346 4572 1419 4662 ipse
1440 4570 1595 4663 aliquid,
1621 4574 1681 4640 sed
1705 4597 1761 4641 me
1781 4576 1891 4646 multa
1908 4577 2125 4668 impediunt,
2152 4611 2241 4678 quae

1250 4697 1323 4742 non
1348 4674 1436 4741 libet
1462 4696 1653 4742 recensere.
1713 4672 1835 4745 Donec
1868 4701 2030 4766 possum,
2063 4687 2242 4758 moderate

1249 4771 1314 4844 has
1330 4788 1466 4843 nostras
1481 4775 1641 4844 literulas
1661 4778 1797 4845 tradam
1814 4780 2114 4869 adolescentibus,
2141 4804 2174 4860 et
2199 4793 2243 4859 de

1251 4878 1411 4949 doctrina
1429 4877 1598 4945 disseram
1620 4878 1793 4959 studiose,
1820 4894 1855 4950 et
1875 4883 2024 4953 assiduis
2041 4889 2132 4956 votis
2148 4916 2244 4960 com-
2367 4901 2370 4916 ¹

1252 4979 1428 5048 mendabo
1445 4980 1510 5048 deo
1534 4978 1684 5048 salutem
1699 4976 1896 5066 Ecclesiae,
1918 5000 2105 5080 petamque
2128 5006 2167 5061 ut
2192 4995 2245 5062 la-

1252 5083 1355 5152 bores
1371 5081 1483 5149 nostri
1498 5080 1569 5148 sint
1583 5081 1725 5151 foelices
1742 5096 1777 5152 et
1794 5083 1974 5160 salutares.
2027 5087 2125 5177 Quid
2146 5095 2243 5166 aliud

1252 5185 1365 5254 lacere
1387 5183 1519 5273 possim
1539 5182 1578 5249 in
1604 5195 1700 5253 tanta
1723 5184 1950 5257 distractione
1971 5192 2131 5263 omnium
2148 5199 2247 5267 ordi-

1253 5391 1479 5416 -τ--·-

1288 5509 1318 5582 *t
1337 5511 1401 5569 Vid.
1418 5513 1650 5661 epqasdplenium
1665 5515 1692 5569 d.
1707 5515 1733 5574 9.
1748 5513 1823 5589 Sept.
1836 5518 1910 5575 1545.
