4882 6426
192 367 269 444 aa
793 353 1229 441 urrsrocanou
1276 334 1381 443 mn.
1421 364 1485 444 nc
1538 358 1670 442 1544.
2158 365 2236 443 in

195 538 415 612 auctoritatis
431 563 548 624 sumo;
582 539 640 609 scd
663 562 753 632 quae
776 538 829 628 egi
852 537 1051 608 deecclesia
1067 533 1189 608 Brun·
1241 558 1315 606 non
1330 535 1496 630 placabo,
1530 531 1610 607 ἀλλ’
1628 533 1699 609 οὐκ
1715 530 1883 632 ἐρήσεταί
1897 563 1932 609 τι
1948 534 2231 632 ἐπαχθέστερον.

196 641 364 723 svicensi,
390 641 444 730 egi
461 643 555 710 bono
573 643 708 726 studio,
740 640 812 709 illis
833 641 1049 731 petentibus3
1084 651 1119 709 et
1133 639 1189 707 vi·
1240 636 1313 707 Nec
1335 639 1461 707 leviter
1483 661 1538 706 me
1561 653 1679 709 movet
1701 640 1826 731 opinio
1852 635 2037 710 hominum
2059 654 2094 710 ct
2109 637 2233 711 Eccle-

195 745 323 814 debam
337 743 549 813 offensiones
565 743 657 812 inter
672 757 706 813 te
721 756 756 812 et
770 741 987 834 Episcopum
996 735 1034 838 ⁴)
1050 742 1190 811 crebras
1239 739 1371 809 siarum
1388 741 1431 808 de
1447 734 1512 808 hac
1528 754 1576 808 re.
1627 740 1697 812 Sed
1719 741 1806 833 quid
1827 741 1978 811 faciam?
2027 739 2118 811 Nam
2133 742 2255 836 quod.

195 845 363 914 incidere.
415 843 518 913 Nunc
534 844 732 936 permittam
749 844 880 913 exitum
895 840 992 929 Deo,
1015 843 1077 937 qui
1091 857 1189 922 tuam
1237 854 1277 910 tu
1294 865 1350 911 me
1367 842 1605 911 amantissime
1626 838 1798 928 hortaris,
1829 856 1870 913 ut
1894 841 2020 912 usitata
2044 867 2121 913 mea
2143 842 2235 913 tole·

195 946 416 1016 voluntatem
434 959 467 1015 et
482 946 633 1014 aliorum
649 945 796 1016 consilia
810 944 926 1016 flectat
941 946 986 1014 ad
1002 946 1060 1030 id,
1092 943 1189 1038 quod
1240 944 1354 1032 tantia
1372 939 1458 1012 haec
1475 943 1652 1032 mitigem,
1684 945 1807 1014 studeo
1832 943 1995 1037 equidem
2018 939 2087 1013 hoc
2107 946 2234 1028 tacere,

196 1047 361 1118 ecclesiae
385 1048 613 1116 utilissimum
639 1061 701 1117 est.
766 1044 949 1140 Nusquam
978 1069 1099 1117 sumus
1128 1057 1189 1115 aut
1240 1046 1300 1113 sed
1330 1059 1500 1138 quantum
1534 1049 1756 1137 profecturus
1787 1045 1873 1130 sim,
1915 1046 2028 1115 exitus
2060 1048 2233 1117 ostendet.

195 1149 328 1220 erimus
352 1149 428 1217 sine
452 1149 630 1241 aliquibus
653 1146 919 1219 difficultatibus
947 1161 983 1218 et
1010 1146 1189 1240 periculis.
1240 1142 1319 1214 Hoc
1351 1146 1442 1230 scio,
1484 1148 1611 1217 ardere
1646 1149 1819 1240 quosdam
1852 1147 1997 1237 ingente
2031 1147 2095 1218 ira.
2160 1145 2234 1216 Sed

195 1247 294 1339 Ego,
320 1261 492 1342 quantum
513 1251 694 1335 laborum,
719 1272 904 1335 curarum,
929 1250 1094 1320 dolorum
1110 1261 1189 1318 sus·
1239 1243 1355 1315 Deum
1381 1271 1467 1332 oro,
1506 1261 1548 1317 ut
1580 1273 1648 1318 nos
1679 1250 1862 1338 gubernet.
1922 1246 2116 1317 Versiculis
2147 1245 2235 1333 istis,
2266 1273 2268 1277 ’

195 1351 365 1423 tinuerim
390 1352 520 1420 multos
551 1373 665 1419 annos
693 1350 798 1418 multi
826 1351 915 1420 boni
944 1350 1014 1420 viri
1043 1361 1190 1434 norunt,

195 1465 230 1523 et
251 1466 370 1522 tamen
393 1453 432 1520 in
453 1447 518 1521 hac
542 1466 678 1522 senecta
701 1452 845 1521 exilium
875 1465 1029 1544 expecto.
1091 1451 1189 1522 Bene

194 1554 285 1625 vale.
335 1550 403 1622 Die
418 1551 478 1623 26.
495 1549 698 1648 (Augusti),
732 1577 802 1648 quo
818 1567 900 1625 ante
915 1577 1027 1627 annos
1041 1551 1091 1624 26
1106 1550 1189 1621 veni

194 1656 352 1748 primurn
370 1647 684 1748 Vitebergam”),
712 1669 746 1724 ct
763 1679 833 1748 quo
851 1670 932 1726 ante
955 1667 1068 1724 annos
1090 1649 1188 1728 1874

1240 1371 1330 1440 quos
1344 1349 1464 1434 mitto,
1489 1349 1595 1419 etiam
1610 1350 1763 1422 offensos
1778 1349 1950 1444 quosdam
1965 1348 2086 1422 audio.
2135 1336 2234 1417 Bene
2351 1421 2353 1426 ,

1240 1451 1331 1524 vale.

1799 1543 1988 1643 Philippus
2007 1540 2185 1620 Melanth.

196 1752 400 1827 Alexander
414 1757 496 1826 vicit
514 1754 662 1824 Darium
682 1758 724 1824 ad
742 1753 885 1830 Arbela.
937 1756 1046 1827 Mitto
1068 1755 1133 1826 tibi
1155 1768 1189 1825 et
1247 1757 1408 1770 ⁶*—

197 1857 336 1928 consuli
353 1854 493 1928 Medico
505 1849 587 1951 Μ)
605 1852 668 1925 has
683 1857 847 1949 pagellas.
876 1853 986 1932 1544.

994 1988 1034 2065 P.
1049 1987 1139 2065 Met.

196 2378 265 2453 No.
282 2379 395 2453 5021.

209 2474 381 2503 W

1035 2380 1089 2464 (c
1115 2385 1163 2464 t.)

1009 2473 1181 2505 Μιέ

465 2573 617 2659 Ioach.
651 2558 911 2664 Camerario

268 2736 354 2809 Epist.
367 2737 400 2791 ad
413 2737 551 2805 Camerar.
568 2758 596 2811 p.
610 2738 660 2795 ⁴81
672 2759 717 2814 sq.
736 2740 789 2810 (ed.
804 2740 895 2795 Lond.
910 2739 956 2795 lib.
969 2737 1020 2793 lV.
1030 2755 1074 2810 ep.
1085 2736 1165 2808 ML).

196 2887 422 2966 Clarissimo
438 2894 534 2980 viro,
561 2891 762 2966 eruditione
785 2906 817 2966 et
835 2896 962 2967 virtute
981 2893 1193 2993 praestanti

198 2991 440 3066 Ioachimo
476 2990 748 3083 Camerario
788 2993 1031 3092 Pabergensi,
1070 2995 1198 3068 amico

581 3123 649 3171 sao
661 3098 804 3173 cariss.

199 3211 245 3302 S.
267 3230 312 3300 D.
364 3225 577 3322 Αῑχύνομαί
601 3255 658 3306 σοι
678 3231 903 3326 μεταδιδοὺς
924 3239 1053 3308 πονῶν
1075 3225 1188 3330 ιἐμῶν,

199 3334 320 3426 inquit
343 3329 488 3403 Orestes
521 3335 565 3402 ad
591 3359 759 3411 sororem.
828 3337 890 3407 Me
918 3340 1028 3429 magis
1056 3343 1189 3430 pudere

200 3439 319 3519 decet,
354 3436 413 3502 sed
437 3458 640 3526 quanquam
661 3452 695 3508 te
717 3439 892 3530 implicari
915 3440 1002 3510 meis
1023 3441 1190 3532 periculis

201 3561 276 3605 non
291 3536 393 3619 volo,
415 3549 532 3604 tamen
546 3538 658 3605 facere
674 3560 745 3608 non
761 3564 923 3632 possum,
949 3543 1037 3636 quin
1054 3542 1188 3636 aliquid

201 3638 392 3727 significem
411 3638 454 3705 de
472 3638 577 3707 rebus
595 3639 693 3712 meis.
747 3639 837 3712 Ante
858 3638 922 3712 hos
945 3667 1075 3726 annos,
1109 3666 1188 3713 curn

201 3741 373 3833 quaedam
390 3737 510 3809 drona
526 3739 564 3806 in
579 3740 739 3809 doctrina
757 3745 933 3827 tollerem,
967 3746 1077 3835 magis
1098 3743 1190 3814 auli-

201 3842 252 3910 cis
267 3840 408 3908 iudiciis
425 3865 530 3931 quam
546 3837 769 3929 Collegarum
787 3846 1017 3918 exeniciabar.
1064 3845 1189 3916 Postea

201 3942 371 4011 mediocri
390 3943 593 4035 assiduitate
610 3957 644 4012 et
658 3942 899 4013 moderatione
911 3948 1111 4017 voluntates
1131 3960 1191 4015 ut-

201 4067 342 4135 cunque
357 4043 508 4134 placatas
522 4043 768 4118 animadverti.
818 4040 923 4113 Nunc
943 4067 1053 4121 novae
1075 4070 1191 4139 snspr-

201 4145 322 4216 cioncs
338 4168 411 4211 non
430 4145 467 4211 in
483 4146 581 4229 aula,
593 4147 663 4214 ,sed
680 4146 831 4215 aliomm
845 4142 974 4213 animis
988 4162 1191 4233 nascuntur,

201 4269 290 4340 quas
313 4238 541 4339 tewapoitovc
555 4240 583 4337 ¹)
616 4269 762 4317 censura
786 4245 960 4319 excitavit.
1019 4244 1076 4315 Ad
1095 4248 1191 4320 hunc

201 4347 389 4437 praecipue
409 4370 591 4415 excursum
614 4362 685 4433 est,
723 4361 764 4418 ut
786 4350 829 4417 de
847 4368 910 4416 me¹
927 4346 1190 4424 deliberaretur.

199 4444 251 4517 Et
270 4448 374 4515 audio
398 4461 549 4517 atrocem
573 4448 705 4519 librum
721 4444 751 4540 ²)
772 4449 942 4539 scriptum
964 4469 1056 4532 esse,
1090 4468 1194 4542 quem

200 4561 319 4617 tamen
344 4551 506 4627 nondum
530 4549 614 4623 vidi.
680 4549 766 4621 Post
789 4550 943 4619 reditum
967 4543 1118 4640 hospitis
1142 4547 1196 4616 tui

200 4673 274 4719 una
298 4674 373 4719 non
394 4651 537 4725 inimus.
602 4646 722 4723 Audio
742 4653 921 4736 futurum,
967 4663 1007 4721 ut
1030 4671 1197 4720 vocemur

202 4774 267 4841 ego
290 4765 326 4824 ct
340 4739 533 4844 Craciger,
567 4777 606 4821 ac
629 4752 888 4843 interrogemur
908 4753 955 4821 de
976 4747 1096 4822 nostra
1116 4774 1197 4820 sen-

200 4854 334 4937 tentia,
366 4855 524 4923 fortassis
548 4855 708 4924 satisfieri
731 4855 800 4926 sibi
823 4855 1013 4947 patientur.
1071 4852 1141 4925 Sed
1164 4851 1196 4922 si

237 5165 268 5232 *l
286 5168 375 5226 Nicol.
389 5171 589 5230 Amsdorfium.

215 5260 220 5267 '
236 5252 287 5321 *11)
305 5253 477 5329 Vitebergam
492 5258 565 5312 venit
578 5259 606 5312 d.
618 5259 662 5313 25.
676 5259 750 5331 Aug.
763 5258 840 5316 1518.

235 5337 304 5408 W)
320 5343 471 5413 „Medicus
483 5345 529 5399 ille
542 5345 593 5398 tuit
606 5346 710 5402 lobann
724 5345 917 5402 Stelobotitn.”
943 5341 1026 5414 (Note
1041 5343 1160 5414 bared.)

238 5427 264 5494 1)
283 5429 465 5486 Amsdorfius.
484 5430 515 5487 C.
529 5429 587 5486 W.

234 5511 263 5582 2)
281 5529 392 5585 partam
411 5517 629 5574 contessionem.
648 5517 680 5575 C.
692 5515 750 5575 W.

1125 1869 1126 1873 ‘
1240 1893 1306 1966 No.
1324 1893 1435 1967 sora.

2051 1900 2129 1962 ⁴28·
2149 1888 2234 1971 Aug.

1247 1989 1417 2019 w
2057 1980 2229 2013 Μ

1594 2058 1656 2143 Μ.
1693 2057 1874 2145 Bnoero.
1913 2119 1916 2124 -

1307 2225 1329 2288 †
1345 2221 1384 2274 Er
1395 2219 1562 2292 autographo
1578 2218 1752 2283 Melanthia
1766 2217 1833 2273 bibl.
1847 2215 2008 2271 Academiae
2022 2217 2235 2287 Arg-rotomen-

1343 2290 1381 2344 sis
1396 2291 1461 2344 mibi
1475 2288 1635 2361 descriptae
1651 2288 1724 2342 Cler.
1737 2287 1888 2344 Stradett'o.

1240 2420 1466 2502 Clarissimo
1482 2430 1578 2515 viro,
1605 2424 1808 2499 eruditione
1825 2436 1856 2497 ct
1873 2427 2002 2496 virtute
2015 2421 2238 2524 praestanti,
2297 2420 2303 2426 ’

1239 2528 1293 2605 D.
1319 2529 1543 2602 Martino
1575 2527 1778 2611 Bacero,
1821 2525 1966 2598 docenti
1985 2523 2237 2620 Evangeliam

1253 2630 1422 2727 fideliter
1439 2633 1478 2703 in
1494 2629 1666 2703 Ecclesia
1683 2627 1966 2726 Argentinensi,
1991 2629 2213 2709 auricomo,

1239 2749 1286 2842 S·
1303 2768 1351 2843 D.
1400 2767 1533 2859 Scripsi
1557 2766 1645 2836 alias
1661 2757 1835 2835 Iohanni
1848 2759 2034 2847 Sturmio,
2068 2761 2175 2832 etiam
2196 2762 2236 2829 in

1239 2872 1344 2942 litore
1359 2869 1496 2940 Baltico
1518 2869 1612 2939 inter
1626 2869 1734 2937 maris
1749 2867 1910 2937 fremitus
1925 2863 2094 2934 celebrari
2111 2864 2236 2932 docto·

1242 2998 1322 3043 rum
1348 2971 1573 3041 sermonibus
1600 2971 1712 3062 ipsius
1744 2967 1994 3061 eloquentiam.
2060 2961 2164 3033 Nunc
2189 2962 2235 3031 ad

1242 3100 1323 3143 eum
1351 3073 1569 3143 audiendum
1597 3071 1831 3162 proficiscitur
1860 3063 1918 3136 hic
1939 3080 2059 3136 noster
2079 3065 2235 3147 auditor,

1241 3170 1424 3256 Polonas,
1453 3187 1557 3244 natus
1577 3173 1712 3241 familia
1729 3170 1859 3253 nobili,
1889 3183 1924 3238 et
1939 3168 2051 3238 literis
2068 3168 2159 3237 bene
2175 3189 2235 3233 ex-

1242 3278 1369 3350 cultus.
1429 3271 1537 3366 Apud
1559 3296 1625 3342 nos
1644 3271 1902 3342 modestissime
1923 3270 2021 3342 vixit.
2076 3264 2174 3336 llaec
2195 3278 2237 3335 ut

1241 3379 1473 3469 significarem
1489 3375 1610 3460 vobis,
1638 3375 1781 3465 petivit,
1812 3386 1854 3442 ut
1874 3373 1917 3440 ad
1942 3394 2004 3439 vos
2018 3369 2154 3439 aditum
2170 3364 2236 3436 ha·

1241 3482 1352 3553 beret.
1400 3474 1503 3548 Nihil
1518 3478 1587 3545 nisi
1603 3499 1808 3545 sermonum
1823 3486 1856 3542 et
1872 3472 2054 3540 doctrinae
2075 3494 2236 3539 commu·

1242 3582 1456 3650 nicationem
1471 3591 1581 3668 petet;
1607 3600 1717 3670 quare
1731 3600 1811 3644 enm
1825 3573 1892 3643 tibi
1905 3585 1939 3640 et
1950 3565 2236 3640 lohanniStar·

1241 3681 1317 3750 mio
1340 3680 1563 3751 commendo.
1620 3677 1755 3768 Scripsi
1781 3675 1848 3746 tibi
1877 3696 1941 3764 per
1963 3663 2182 3742 Milichiam
2196 3663 2235 3762 ⁴)

1242 3786 1286 3853 de
1301 3796 1423 3852 nostro
1437 3773 1594 3864 Pericle,
1628 3779 1689 3871 qui
1712 3800 1836 3847 rursus
1859 3788 1981 3845 tonare
1996 3772 2113 3862 coepit
2127 3765 2235 3840 vehe-

1243 3884 1458 3954 mentissime
1492 3876 1574 3975 arpi
1605 3875 1760 3953 δείπνου
1790 3879 1990 3970 κυριακοῦ,
2029 3887 2064 3944 et
2097 3871 2236 3963 scripsit

1161 4047 1170 4066 ,
1243 4001 1395 4056 atrocem
1413 3985 1566 4068 librum,
1599 3982 1662 4075 qni
1685 3982 1845 4049 nondum
1871 3978 1986 4046 editus
2002 3987 2070 4059 est,
2099 3975 2234 4068 inquo

1243 4112 1307 4178 ego
1323 4102 1358 4158 et
1372 4101 1411 4156 tu
1428 4086 1645 4174 sugillamur.
1697 4082 1782 4152 Fuit
1799 4076 1995 4149 hisdiebus
2011 4072 2102 4145 hanc
2121 4077 2234 4166 ipsam

1243 4193 1291 4260 ob
1319 4211 1459 4259 causam
1486 4189 1582 4278 apud
1604 4177 1872 4272 Amsdorfim,
1913 4203 2017 4275 quem
2044 4200 2158 4246 unum
2189 4178 2236 4246 ad

1243 4285 1351 4360 huius
1365 4288 1505 4358 consilii
1522 4287 1720 4357 societatem
1739 4279 1902 4367 adhibet,
1932 4278 2106 4370 habetque
2121 4301 2235 4349 unum

1243 4394 1468 4462 laudatorum
1491 4384 1598 4458 huius
1620 4388 1785 4476 impetus.
1842 4382 1905 4452 Me
1929 4381 1967 4453 et'
1986 4370 2238 4471 Crucigeram,

1243 4509 1283 4564 ut
1301 4493 1425 4576 audio,
1451 4513 1528 4561 cras
1544 4490 1695 4560 vocabit.
1744 4483 1860 4556 Deum
1883 4511 1966 4565 oro,
1998 4495 2040 4552 ut
2060 4484 2119 4552 det
2140 4495 2236 4551 cata-

1247 4590 1413 4687 strophen
1437 4593 1543 4663 nobis
1564 4606 1600 4661 et
1620 4589 1785 4661 ecclesiae
1807 4588 2008 4659 salutarem.
2064 4581 2236 4653 Fortassis

1248 4692 1417 4766 (livinitus
1431 4694 1487 4779 fit,
1518 4708 1559 4764 ut
1577 4715 1700 4763 rursus
1722 4704 1907 4760 moveatur
1923 4683 2009 4756 haec
2028 4706 2098 4768 res,
2129 4708 2236 4778 quam

1249 4815 1385 4884 necesse
1404 4809 1455 4866 est
1477 4796 1670 4889 aliquando
1694 4792 1877 4883 explicare.
1933 4786 2012 4878 Ego
2034 4810 2112 4855 sum
2139 4801 2237 4855 tran·

1249 4894 1359 4986 quilla
1374 4897 1464 4980 avis,
1488 4921 1553 4966 nec
1568 4896 1703 4966 invitus
1718 4889 1840 4962 exhor
1856 4891 2031 4980 ergastulo
2046 4888 2237 4971 discedam,

1248 4998 1280 5063 si
1296 4995 1443 5063 infestus
1465 5020 1518 5067 me
1538 4997 1688 5086 urgebit.
1739 4993 1848 5064 Brevi
1871 4994 1956 5060 scies
1979 4989 2153 5083 reliquam
2179 4985 2237 5057 hi-

1249 5096 1405 5169 storiam.
1456 5093 1551 5168 Benc
1566 5100 1657 5173 vale.
1706 5094 1775 5167 Die
1791 5091 1996 5184 Augustini.

1753 5208 1945 5304 Philippus
1959 5205 2186 5282 Melanthea.

1248 5335 1453 5354 Μ

1282 5438 1312 5510 ’1)
1333 5439 1375 5493 lle
1390 5435 1508 5492 Miliebii
1527 5433 1624 5488 itinere
1645 5433 1693 5491 rid.
1712 5455 1779 5520 epp..
1792 5435 1818 5491 d.
1831 5433 1857 5488 d.
1872 5434 1914 5489 11.
1930 5435 2001 5504 Aug.
2015 5433 2042 5489 h.
2056 5450 2081 5488 a.
2116 5431 2236 5504 Epistola

1317 5507 1350 5564 ad
1365 5508 1500 5562 Bocerum
1517 5525 1564 5574 per
1577 5500 1727 5561 Milic-‚hinni
1743 5524 1822 5562 missa
1838 5522 1894 5558 nou
1908 5501 2031 5557 hebetur.
2131 5554 2134 5560 .
2155 5517 2158 5529 ·
