4868 6420
135 303 211 380 m

132 475 246 547 animi
261 473 332 544 mei
345 497 523 544 moerores
538 476 762 568 multiplices.
812 475 881 548 Sed
899 491 1018 549 tamen
1040 473 1123 570 qnia

132 600 191 647 me
206 576 343 669 aliquid
360 578 512 646 scribere
527 577 707 647 interdum
730 578 877 662 iubetis,
910 578 1067 648 studium
1090 592 1124 647 et

132 678 288 753 officium
312 699 430 745 meum
455 677 557 747 vobis
578 680 728 768 probare
750 679 866 769 cupio.
916 678 1006 748 Nam
1031 678 1123 749 Aca-

132 780 304 850 demiolas
325 790 463 847 nostras
486 803 528 847 er
553 780 672 847 animo
699 794 781 871 opto
805 803 913 848 unam
937 804 1018 849 vere
1036 804 1122 848 con-

132 880 341 953 sentientem
357 890 391 948 et
405 876 542 970 Spiritu
559 894 679 950 sancto
695 876 829 950 Christi
843 875 1121 974 συμβιβασθεί-

133 999 207 1052 σαν
220 976 414 1051 Ecclesiam
431 1003 514 1054 esse.
555 977 609 1058 Ae
626 983 762 1052 utinam
779 1006 876 1052 meae
891 1007 1019 1074 operae
1036 1006 1120 1050 can-

131 1086 261 1152 ducere
278 1079 416 1171 aliquid
439 1081 565 1152 studiis
587 1083 739 1172 publicis
759 1084 940 1153 doctrinae
961 1084 1121 1153 salutaris

131 1180 292 1275 possent!
343 1178 399 1251 De
421 1181 497 1272 ipsa
520 1205 603 1252 vero
626 1184 857 1255 conciuncula
880 1190 996 1254 vestro
1026 1184 1122 1252 arbi-

132 1284 203 1357 trio
225 1282 393 1355 statuetis.
452 1281 625 1352 Fortassis
646 1285 866 1376 splendidius
889 1299 1038 1356 tractare
1056 1310 1123 1376 po-

134 1385 277 1456 tuissem
310 1397 556 1474 argumentum
585 1379 857 1483 δημηγορικὸν,
897 1412 1003 1480 quam
1036 1383 1122 1456 haec

129 1480 394 1570 διδασκαλικᾶ,
420 1509 511 1580 quae
527 1487 708 1576 flagitastis
722 1479 771 1582 ⁴).
823 1486 919 1557 Bene
934 1489 1023 1557 vale.

587 1621 613 1701 †
628 1615 817 1714 Philippus
832 1617 1073 1693 Melanthos?

137 1870 244 1882 ..αι-ιο-
255 1865 595 1884 -ιο-ε-ι-η-δ--ι--ο--Α-

140 2053 209 2151 No.
227 2053 341 2152 2757.

134 2150 348 2192 Q

472 2240 533 2332 M.
568 2239 778 2329 Crodetto.
833 2335 837 2350 p

281 2416 368 2491 Epist.
386 2418 434 2474 lib.
446 2416 480 2475 V.
498 2437 526 2492 p.
539 2419 591 2476 868
603 2440 647 2494 sq.

965 2074 1021 2135 17.
1038 2067 1123 2150 Sept.

952 2157 1123 2185 Μ

106 2645 109 2648 ⁴
128 2570 297 2652 Marco
323 2567 567 2664 Crudelio,
597 2573 826 2673 gubernanti
841 2569 1008 2648 scholam
1025 2573 1124 2649 Tor-

507 2698 510 2704 ·
544 2703 704 2774 gersam.

126 2790 169 2885 S.
186 2808 233 2887 D.
283 2808 498 2884 Charissime
514 2812 646 2889 Marce.
696 2810 915 2883 Commendo
938 2811 1003 2881 tihi
1026 2807 1121 2882 hunc

128 2915 340 3005 Magistrum
357 2911 623 3008 Hieronymum
634 2912 677 3010 ¹),
703 2912 1010 3004 Norihergensem‚
1035 2938 1121 2984 con-

126 3019 246 3087 vivam
260 3039 398 3096 meum,
423 3016 657 3111 qui'l'orgam
674 3015 923 3108 proficiscitur,
949 3027 989 3085 ut
1004 3040 1120 3085 arcem

126 3133 164 3190 et
203 3116 360 3208 exempla
396 3119 480 3188 artis
512 3114 817 3188 Architectonicae
852 3117 1119 3208 contempletur.

124 3216 279 3292 Curabis
294 3218 421 3308 igitur,
447 3231 487 3288 ut
502 3220 710 3291 admittatur
726 3221 770 3287 ad
785 3220 1025 3310 spectandum.
1065 3215 1118 3287 Ea

125 3335 181 3393 est
200 3320 401 3391 eruditione
424 3343 464 3389 ac
487 3319 615 3390 virtute
639 3321 835 3412 praeditus,
870 3333 910 3389 ut
935 3320 1119 3389 universae

123 3418 339 3495 Academiae
360 3422 607 3518 sitprobatus.
660 3418 713 3491 Ac
735 3421 825 3500 scio,
858 3421 922 3490 tibi
946 3420 1022 3490 eius
1037 3444 1118 3490 eru-

123 3525 219 3597 ditos
236 3546 415 3594 sermones
432 3535 468 3593 et
483 3523 688 3618 gravitatem
707 3523 880 3613 voluptati
896 3525 982 3591 lore.

224 3657 281 3730 De
305 3649 649 3738 bellquliacensi,
681 3655 853 3735 arbitror,
895 3668 928 3725 te
952 3667 1046 3723 certa
1077 3677 1118 3724 ex

11 3844 13 3849 ¹
123 3761 251 3835 aulicis
275 3759 470 3832 resciscere.
523 3758 675 3829 Carolus
693 3755 889 3848 Imperator
910 3755 1039 3825 dicitur
1057 3780 1118 3824 oc-

121 3886 268 3956 cupasse
288 3885 364 3931 eam
383 3873 539 3951 partem,
578 3884 669 3953 quae
689 3858 832 3951 proprie
855 3856 999 3928 titulum
1022 3870 1117 3929 tenet

122 3963 332 4038 luliacensis
352 3959 521 4034 Ducatus.
578 3957 675 4050 Ego,
712 3961 777 4032 etsi
806 3983 884 4028 sum
913 3959 953 4026 in
980 3959 1115 4039 dolore,

119 4092 187 4140 nec
204 4081 322 4137 tamen
337 4062 450 4152 magis
464 4085 560 4132 nunc
574 4075 719 4154 propter
732 4075 877 4132 eventus
890 4055 956 4130 bos
971 4060 1116 4130 adficior

120 4191 303 4248 moerore,
334 4188 441 4258 quam
463 4164 564 4234 dolui
584 4178 666 4235 ante
688 4179 834 4256 propter
852 4184 989 4234 caussas
1012 4162 1115 4252 ipsas,

121 4272 254 4364 quibus
267 4267 453 4350 videbam,
473 4263 658 4356 Principes
671 4266 741 4334 sibi
756 4264 910 4356 pericula
929 4287 1113 4335 accersere.

119 4370 198 4443 Deo
215 4368 503 4439 commendemus
529 4366 596 4457 piis
610 4367 701 4437 votis
715 4364 843 4456 Remp.
860 4377 894 4434 et
909 4360 1112 4435 Ecclesiam.

119 4472 279 4545 Domino
305 4468 444 4539 Pastori
470 4481 511 4560 et
535 4465 705 4537 Diaconis
735 4467 883 4537 salutem
918 4478 1014 4555 opto.
1073 4462 1112 4534 si

119 4574 202 4645 istic
217 4586 270 4644 est
284 4573 317 4644 d.
326 4565 353 4637 Ι
353 4562 518 4640 ohannes
532 4563 679 4654 Maior,
706 4568 799 4637 dices
813 4567 844 4634 ci
862 4565 1009 4634 salutem
1026 4565 1112 4635 meis

118 4674 254 4749 verbis.
303 4670 401 4743 Bene
415 4672 505 4746 vale.
559 4670 617 4745 17.
633 4668 849 4761 Septembris
869 4662 977 4739 tata.

630 4798 819 4894 Philippus
835 4791 1060 4870 Melanthon.

124 4990 334 5016 -v--v—

151 5167 182 5236 0)
201 5168 386 5224 videturesse
398 5165 503 5233 oratio,
520 5184 600 5236 quam
615 5162 739 5235 Ziplerus
752 5160 860 5246 publice
873 5161 1008 5248 recitavit,
1022 5181 1107 5234 quv-

189 5237 214 5292 ei
232 5238 330 5310 padus
350 5235 455 5305 Lipsiae
474 5235 673 5288 decerneretur.
716 5232 777 5300 ttga
795 5232 1018 5301 „desecemus
1036 5250 1107 5285 con·

186 5305 330 5361 iunctione
346 5304 500 5359 scholarum
512 5320 575 5356 cum
590 5300 741 5355 ministerio
755 5301 963 5357 scd-maid
997 5301 1107 5372 Ziglero

186 5374 288 5446 gradec
300 5374 425 5430 tanaus
439 5381 480 5426 est
495 5370 521 5427 d.
533 5371 577 5426 27.
589 5368 663 5443 Sept.
676 5369 755 5424 tata.
776 5370 778 5375 ’
825 5418 828 5423 .
901 5436 906 5449 ⁸

153 5463 178 5530 l)
197 5460 308 5514 llierott.
320 5456 475 5513 Sehreiber.

115 5537 416 5654 Platamos-sp.
443 5534 526 5599 vor.
542 5529 583 5598 V.

594 320 595 323 ’
706 304 1141 381 Eetstotattuat
1207 306 1315 385 ΗΒ.
1351 306 1414 382 tx.
1467 307 1600 388 tata

2095 313 2168 397 178

1173 473 1240 545 Νο.
1255 473 1369 551 2768.

1180 570 1352 606 Μ

1987 494 2159 620 Q

1536 647 1572 730 Ι.
1603 642 1776 760 Snegio.

1274 805 1373 862 Manlii
1391 807 1489 879 larrsg.
1509 827 1535 881 p.
1553 808 1601 861 tto
1613 828 1653 880 sq.

1174 943 1385 1017 Reverendo
1401 947 1491 1033 viro,
1516 949 1663 1045 egregia
1677 951 1812 1047 pictate
1829 962 1860 1023 et
1878 949 2045 1028 doctrino
2057 985 2166 1055 prae-

1175 1047 1272 1133 dito,
1302 1045 1357 1123 D.
1381 1050 1561 1144 magistro
1586 1046 1613 1120 l
1621 1053 1771 1122 oanni
1793 1052 1982 1149 Snegio,
2020 1063 2169 1156 pastori

1154 1210 1158 1217 .
1200 1147 1390 1220 Ecclesiae
1401 1147 1597 1223 Heidensis
1613 1151 1652 1222 in
1666 1148 1897 1244 Ditmmsin,
1924 1160 2141 1250 amiensem,

1174 1265 1221 1355 S.
1248 1284 1292 1358 D.
1343 1283 1552 1356 Reverende
1569 1288 1712 1356 domine
1726 1285 1861 1378 Pastor.
1911 1287 1966 1360 Ex
1988 1295 2098 1365 literis
2118 1301 2163 1371 ad

1175 1387 1383 1476 magistrum
1398 1381 1579 1455 Ioannem
1596 1382 1832 1459 Turstanium
1851 1394 1966 1461 missis
1987 1395 2165 1470 intellexi·
2197 1426 2205 1438 ‘

1176 1511 1275 1572 mus,
1304 1511 1384 1557 eum
1409 1491 1452 1557 ad
1481 1491 1676 1559 docendam
1697 1486 1891 1563 Ecclesiam
1915 1495 2005 1566 istuc
2025 1503 2165 1579 accersi.

1176 1586 1266 1659 Cum
1292 1602 1408 1658 autem
1425 1584 1646 1660 Turstem'as
1668 1595 1870 1685 promiserit
1892 1619 1929 1665 se
1952 1599 2165 1675 serviturum

1176 1686 1353 1759 Ecclesiae
1376 1689 1415 1758 in
1430 1686 1495 1762 hac
1509 1694 1615 1775 urbe,
1649 1707 1682 1763 et
1697 1696 1812 1765 studia
1828 1698 1903 1766 eius
1919 1695 2085 1771 inventur
2100 1705 2165 1775 sti-

1176 1791 1307 1882 pendio
1325 1815 1344 1860 a
1359 1788 1458 1861 Duce
1473 1788 1666 1864 Saxoniae:
1701 1821 1767 1865 nos
1790 1800 2039 1888 comperimus,
2063 1799 2102 1872 T
2101 1831 2165 1875 ur-

1176 1889 1332 1960 eteniam
1367 1906 1456 1961 noux
1476 1919 1575 1985 posse
1610 1891 1678 1967 hoc
1710 1910 1868 1988 tempore
1895 1895 1977 1972 hinc
2003 1903 2164 1995 migrare.

1177 1990 1272 2081 Quia
1288 2016 1373 2063 vero
1389 1995 1616 2086 cupiebamus
1628 1995 1805 2068 Ecclesiae
1825 2014 1960 2073 vestrae
1982 2009 2166 2081 consulere

1177 2089 1245 2163 hoc
1273 2108 1393 2164 nostro
1424 2095 1572 2184 iudicio,
1609 2100 1742 2168 suimus
1774 2096 1971 2201 hortatores
1997 2109 2165 2198 magistro

1176 2190 1321 2262 Ioanni
1334 2191 1458 2289 Angla
1466 2189 1526 2292 *),·
1553 2214 1594 2270 ut
1616 2202 1659 2268 ad
1681 2225 1743 2270 vas
1758 2203 2045 2291 proficisceretur.
2099 2208 2166 2282 Vir
2241 2282 2243 2286 ⁴

1176 2310 1227 2366 est
1245 2297 1404 2369 eruditus
1421 2293 1479 2368 hic
1495 2302 1661 2390 magister
1674 2296 1839 2373 Ioannes
1852 2301 2018 2399 Araplos,
2053 2325 2087 2381 et
2108 2337 2165 2383 re·

1177 2411 1230 2467 cte
1244 2398 1398 2469 sentiens
1414 2402 1457 2469 de
1474 2401 1635 2472 doctrina
1651 2399 1828 2474 Ecclesiae
1845 2403 1997 2494 Christi,
2022 2435 2086 2481 nec
2107 2414 2165 2484 ul·

1176 2497 1221 2567 lis
1244 2501 1362 2589 pravis
1383 2500 1613 2591 opinionibus
1635 2504 1795 2579 inlectus.
1852 2504 1901 2580 Et
1928 2512 2056 2582 scimus
2082 2537 2163 2587 eum

1176 2623 1302 2689 magna
1326 2602 1460 2692 ingenii
1482 2605 1687 2675 dexteritate
1706 2609 1905 2696 praeditum
1930 2636 2020 2697 esse,
2058 2639 2164 2710 quam

1177 2715 1278 2770 ornat
1295 2697 1549 2773 honestissimis
1565 2708 1741 2791 moribus;
1769 2724 1801 2779 at
1822 2734 1901 2779 cum
1924 2712 1962 2782 lit
1982 2715 2077 2805 pacis
2098 2741 2165 2807 pu-

1176 2803 1287 2871 blicae
1300 2805 1595 2890 studiosissimus,
1629 2808 1695 2878 crit
1718 2807 1755 2875 in
1780 2810 1993 2900 collegarum
2017 2841 2164 2888 concor-

1176 2903 1232 2973 dia
1248 2905 1409 2993 diligens.
1460 2904 1609 2997 Propter
1632 2903 1694 2978 has
1716 2912 1870 3000 egregias
1892 2914 2059 3003 virtutes,
2084 2942 2164 3010 spe-

1174 3029 1294 3074 ramus
1308 3031 1389 3076 cum
1405 3007 1542 3077 utiliter
1554 3011 1767 3081 serviturum
1781 3009 1957 3086 Ecclesiae
1970 3016 2055 3105 Dei,
2080 3020 2164 3091 ubi·

1174 3129 1313 3199 cunque
1329 3110 1608 3180 concionabitur.
1659 3109 1737 3183 Hoc
1757 3113 1833 3206 ipso
1854 3128 2011 3209 tempore
2034 3120 2073 3189 in
2096 3117 2163 3194 hac

1172 3207 1302 3276 vicinia
1326 3209 1547 3281 invitabatur
1567 3215 1610 3281 ad
1636 3214 1818 3284 cuiusdam
1832 3213 2009 3290 Ecclesiae
2031 3224 2162 3311 guber-

1172 3309 1364 3383 nationem.
1421 3310 1489 3382 Sed
1514 3313 1781 3408 tranquillitatis
1803 3343 1903 3389 causa
1927 3323 1972 3390 ad
1996 3346 2060 3392 vos
2079 3348 2162 3415 pro·
2210 3311 2215 3330 “

1171 3409 1278 3478 ficisci
1300 3413 1437 3487 maluit.
1502 3412 1795 3487 Pronuntiationi
1820 3421 1955 3514 aliquid
1981 3418 2159 3495 condona-

1171 3510 1255 3579 bitis
1271 3511 1394 3600 initio,
1426 3539 1532 3607 quam
1558 3530 1674 3587 tamen
1698 3526 1915 3592 consuetudo
1938 3548 2017 3594 cum
2036 3527 2161 3598 vestris

1171 3606 1376 3684 hominibus
1393 3618 1605 3690 emendabit.
1656 3618 1786 3692 Nostro
1804 3637 1837 3692 ct
1854 3622 1897 3697 N.
1913 3627 2061 3697 consilio
2078 3654 2160 3720 per-

1171 3714 1293 3805 pulsus
1314 3730 1381 3799 est,
1412 3730 1453 3786 ut
1473 3711 1542 3788 hoc
1564 3717 1631 3788 iter
1652 3722 1853 3812 susciperet.
1903 3721 1952 3796 Et
1974 3751 2039 3797 nos
2062 3730 2158 3802 hono

1170 3827 1205 3884 et
1217 3815 1371 3908 simplici
1385 3818 1502 3888 studio
1520 3833 1664 3911 propter
1679 3823 1866 3894 utilitatem
1884 3842 2019 3900 vestrae
2033 3829 2158 3902 Eccle-

1168 3917 1240 3987 siae
1262 3920 1306 3986 ad
1331 3913 1398 3988 hoc
1421 3920 1488 3990 iter
1508 3944 1588 3991 eum
1613 3918 1743 3996 hortati
1762 3950 1892 4001 sumus.
1943 3923 2081 4020 Angtus
2097 3949 2158 4020 est,

1169 4020 1229 4088 sed
1248 3995 1342 4089 inter
1358 4017 1556 4092 Germanos
1574 4025 1636 4093 diu
1650 4025 1755 4112 vixit,
1781 4042 1814 4098 et
1830 4028 1965 4100 iusticia
1988 4047 2019 4102 et
2034 4033 2103 4107 lide
2122 4050 2158 4107 et
2280 4026 2285 4043 ⁸

1167 4121 1364 4191 constantia
1384 4122 1423 4190 in
1446 4124 1545 4191 omni
1567 4125 1682 4196 alticio
1704 4141 1799 4198 tanta
1816 4131 2011 4219 praeditus,
2043 4149 2083 4205 ut
2100 4137 2157 4204 di-

1167 4244 1257 4311 gnus
1278 4223 1344 4304 sit,
1383 4247 1487 4316 quern
1509 4249 1633 4295 omnes
1655 4229 1741 4297 boni
1765 4245 1885 4302 ament
1912 4245 1946 4302 et
1974 4235 2155 4313 adiuvent.

1167 4320 1287 4411 Quare
1308 4337 1342 4392 te
1363 4324 1468 4394 etiam
1490 4337 1594 4419 atque
1611 4328 1716 4399 etiam
1732 4355 1875 4402 aramus
1889 4348 2033 4425 propter
2048 4333 2155 4410 Chri-

1166 4436 1258 4492 stum
1275 4423 1388 4493 filium
1401 4423 1487 4510 Dei,
1517 4440 1558 4498 ut
1578 4423 1674 4499 hunc
1690 4425 1864 4524 hospitem
1882 4451 2153 4510 amantec'com·

1166 4524 1290 4614 plecti,
1330 4540 1363 4597 et
1391 4528 1462 4597 tuis
1485 4529 1621 4600 civibus
1646 4538 1892 4606 commendare
1916 4540 2020 4623 velis,
2057 4555 2096 4611 ut
2120 4544 2153 4613 ei

1164 4624 1380 4697 functionem
1410 4626 1688 4702 Ecclesiasticam
1713 4639 1975 4709 commendent.
2032 4640 2153 4713 Pluri-

1165 4751 1261 4796 mum
1282 4732 1425 4818 prodest
1448 4729 1486 4799 in
1509 4726 1694 4819 Ecclesiis,
1736 4742 1925 4808 concordes
1949 4765 2022 4812 esse
2044 4746 2152 4815 colle-

1163 4849 1233 4915 gas.
1293 4827 1333 4898 ld
1365 4857 1445 4901 cum
1472 4833 1603 4925 optime
1628 4834 1803 4929 intelligat
1824 4832 1881 4909 hic
1903 4836 2087 4931 Ioannes,
2115 4862 2153 4919 et·

1163 4951 1242 4997 cum
1265 4930 1337 5021 ipse
1360 4947 1487 5003 natura
1509 4934 1554 5005 sit
1574 4960 1696 5007 amans
1719 4940 1833 5030 pacis,
1872 4965 2009 5013 summo
2031 4948 2148 5020 studio

1162 5042 1275 5099 tecum
1293 5058 1515 5105 communem
1533 5038 1826 5135 tranquillitatem
1849 5045 2016 5120 tuebitur.
2066 5046 2148 5121 Ma·

1163 5129 1254 5200 xime
1277 5132 1384 5222 igitar
1405 5137 1471 5204 tibi
1493 5140 1688 5229 optandum
1705 5156 1776 5226 est,
1807 5157 1846 5213 ut
1861 5145 1964 5216 talem
1979 5148 2145 5237 collegam

1163 5227 1299 5307 habeas.
1350 5232 1447 5307 Bene
1462 5240 1555 5308 vale:
1582 5242 1640 5310 die
1658 5243 1715 5312 tt.
1727 5242 1960 5335 Septembris,
1988 5249 2097 5327 1543.

1141 5518 1144 5529 y
1194 5452 1224 5525 ¹¹¹)
1242 5452 1460 5601 Vid.1(22rucigeri
1472 5456 1549 5530 epist.
1561 5459 1596 5514 ad
1608 5459 1747 5520 canem.
1759 5462 1788 5519 d.
1801 5465 1825 5519 5.
1839 5463 1900 5524 lu'n.
