4882 6426
200 306 278 383 898
787 298 1232 382 EPISTOLARUM
1263 303 1389 382 ΗΒ.
1416 303 1481 384 lX.
1534 303 1667 385 1544.
2168 299 2244 382 894

202 499 291 549 nm.
327 473 445 547 Mater
462 476 571 547 dubie
587 471 905 570 et‘desperabunda
923 475 963 546 in
979 499 1090 569 agone
1100 499 1199 547 mor·
1253 476 1396 563 damni,
1421 478 1481 548 sed
1504 491 1710 550 tamennon
1729 477 1943 550 nominatim
1957 488 2072 571 potest
2088 500 2168 548 eum
2184 499 2243 548 re-

201 579 249 653 tis
276 579 435 649 sentiens
461 582 695 650 conscientiae
722 573 984 673 remorsum⁹),
1018 591 1196 670 peccatum
1250 600 1394 648 movere
1411 603 1429 648 a
1446 580 1715 666 communione,
1740 581 1824 651 licet
1842 580 1946 666 sciat,
1971 603 2053 649 eum
2067 603 2168 649 reum
2185 601 2241 648 es·

199 680 398 754 confitetur.
452 676 527 750 Res
540 684 584 750 ad
598 681 787 771 collegium
797 675 1064 771 Theologorum
1081 681 1197 750 defer·
1249 701 1302 761 se,
1327 680 1501 772 quianon
1519 694 1561 753 ut
1583 681 1689 751 iudex
1704 676 1849 775 scit¹⁸),
1875 682 1935 750 sed
1952 695 1992 752 ut
2006 676 2115 755 Deus.
2166 677 2239 750 Sed

200 795 280 866 tur,
306 805 458 874 cumque
473 781 538 851 diu
555 784 599 851 de
620 783 697 854 iure
718 781 974 870 ambigeretur,
996 782 1095 852 utin
1113 804 1194 852 casu
1248 781 1353 861 dehet
1374 805 1454 851 eum
1478 784 1688 868 admonere,
1713 807 1759 852 ne
1781 806 1818 852 se
1840 783 1995 872 ingerat,
2020 781 2104 875 quia
2122 802 2240 876 neque

199 883 390 966 inusitato,
420 885 565 953 tandem
587 885 656 954 lata
681 883 855 953 sententio
878 896 946 968 est,
984 897 1024 954 ut
1044 883 1205 974 alllictae
1246 877 1409 951 Christus
1422 880 1546 952 ludam
1567 885 1852 955 acommunione
1867 883 2031 957 removit.

200 984 435 1057 conscientiae
450 985 571 1055 matris
589 985 833 1055 consuleretur
848 983 1092 1069 absolutione,
1117 984 1191 1053 filio
1346 981 1442 1052 Haec
1469 984 1535 1054 tibi
1557 984 1764 1075 simpliciter
1785 987 1963 1055 narranda
1984 982 2105 1077 potius
2128 1005 2236 1078 quam

199 1099 318 1158 autem
351 1085 639 1172 matrimonium,
672 1086 744 1157 iam
772 1086 835 1156 diu
856 1086 1100 1176 sponsalibus,
1134 1109 1198 1154 so-·
1244 1083 1455 1153 declaranda
1484 1084 1692 1155 existimavi.
1752 1085 1870 1175 Quam
1894 1100 2011 1157 autem
2040 1085 2235 1156 necessaria

199 1186 443 1258 lemnitatibus
464 1187 671 1276 nuptiarum
693 1187 891 1280 copulaque
911 1187 1043 1256 carnali
1060 1185 1189 1255 confir·
1243 1167 1348 1255 inerit
1368 1187 1583 1271 admonitio,
1603 1209 1644 1256 ex
1665 1188 1717 1257 rei
1734 1186 1979 1276 magnitudine
2002 1186 2154 1276 intelligi
2169 1209 2235 1276 po-

199 1302 353 1372 matum,
387 1289 648 1361 concederetur.
704 1288 881 1358 Prohavit
895 1279 1088 1359 Lutherus
1109 1309 1191 1358 sen·
1241 1298 1317 1356 test.
1369 1283 1489 1373 Quare
1508 1288 1612 1357 etiam
1636 1312 1709 1358 rem
1733 1289 1799 1359 tibi
1815 1288 2040 1377 cogitandam
2057 1288 2236 1379 relinquo.

198 1390 347 1463 tentiam
388 1404 423 1458 et
455 1388 670 1459 decisionem
700 1385 979 1479 Theologorum.
1042 1386 1188 1458 Portam
1242 1384 1329 1454 Vale
1355 1387 1517 1460 feliciter.
1583 1385 1665 1464 Dat.
1696 1387 1973 1482 Witteubergae
2004 1389 2122 1481 pridie
2152 1387 2235 1459 idus

199 1493 296 1564 enirn
317 1488 569 1575 absolutionis,
599 1504 642 1561 ut
662 1502 748 1560 tunc
770 1491 963 1575 vocabant,
1002 1513 1186 1583 nunquam
1240 1484 1333 1556 Maii
1351 1511 1446 1558 anno
1464 1483 1630 1585 1544¹²).

198 1595 353 1669 clausam
388 1614 462 1660 esse
493 1586 714 1686 oportere¹⁰)
745 1592 1008 1683 peccatoribus,
1046 1596 1081 1662 ct
1112 1588 1187 1681 folle
1635 1669 1643 1676 i
1930 1584 2025 1665 Phil.
2044 1588 2182 1666 Melan

197 1694 280 1769 eitttt
306 1693 338 1780 [o
363 1692 420 1786 tici
442 1711 474 1763 et
499 1692 599 1764 molit.
649 1690 826 1764 Laudavit
844 1693 947 1764 etiam
964 1715 1039 1760 rem
1061 1693 1109 1761 ita
1125 1716 1184 1761 oc-

196 1797 292 1868 culte
304 1796 402 1865 inter
415 1788 597 1883 theologos
612 1805 835 1867 transactam.
891 1790 961 1862 llic
975 1805 1096 1884 postea
1110 1790 1186 1863 Lu·

197 1893 320 1969 therus
333 1894 461 1965 adiecit
476 1890 783 1979 adhortationem,
807 1894 1062 1986 admonuitque
1083 1889 1184 1963 theo·

196 1998 298 2088 logos
317 1997 493 2077 iuniores,
527 2008 567 2065 ut
586 2007 686 2066 caute
707 2008 851 2085 agerent
876 2019 957 2064 cum
989 1994 1185 2086 pertubatis
1237 1999 1428 2074 Nomii.
1902 2080 1906 2085 ,
2048 2003 2205 2076 temtus.

196 2097 441 2184 conscientiis,
467 2118 513 2166 ne
535 2095 783 2167 confitentibus
804 2090 997 2190 peccata¹¹)
1018 2094 1187 2188 laqueum
1238 2096 1452 2130 ”N
2012 2098 2224 2133 Μ

196 2201 403 2285 iniicerent,
424 2222 538 2292 neque
554 2197 783 2269 afflictionem
798 2196 938 2267 afflictis
952 2198 1134 2270 adderent.

152 2294 160 2304 ’
300 2301 408 2371 Visus
437 2315 489 2372 est
515 2311 632 2370 autem
651 2292 831 2370 Lutherus
854 2293 921 2368 hac
940 2298 1016 2391 ipsa
1036 2292 1184 2367 historia

195 2399 457 2499 reprehendere
486 2400 669 2471 cuiusdam
700 2394 857 2489 theologi
882 2399 998 2494 iniqui
1020 2399 1184 2491 petulan-
1304 2404 1435 2479 Ερῑιιιᾶ
1449 2405 1764 2480 cameranpmttaqq.
1779 2405 2145 2480 (ι1.1,οη1,11’.ῳ.1η.).

196 2510 282 2581 tiam
297 2509 335 2575 in
349 2500 506 2586 Kiithen‚
531 2502 568 2569 in
584 2501 721 2570 diverso
739 2525 834 2585 casu,
859 2524 965 2594 quem
980 2500 1086 2570 etiem
1101 2500 1183 2570 hrc-

195 2609 301 2680 vibus
333 2605 453 2678 recito.
518 2600 645 2672 Pastor
682 2603 860 2696 quendam
897 2601 1121 2673 confitentem
1136 2593 1184 2692 ¹²)

195 2710 398 2782 adulterum
414 2707 458 2774 ad
474 2702 716 2793 magistratum
732 2704 870 2776 detulit.
911 2697 1104 2772 Kothensis
1119 2698 1184 2772 Sc-

194 2824 323 2893 natus,
345 2830 419 2876 non
431 2801 550 2876 habita
566 2803 704 2874 ratione
717 2803 1073 2887 circumstantiarum,
1088 2801 1183 2893 apud

194 2912 332 2983 iudices
346 2907 532 2999 Lipsenses
551 2905 690 2999 quaerit
704 2907 749 2975 de
766 2905 854 2980 iure.
887 2903 1087 2996 Lipsenses,
1102 2925 1183 2973 casu
1234 2893 1281 2987 S.
1304 2913 1350 2989 D,
1399 2915 1531 3008 Magna
1555 2914 1648 2989 mihi
1672 2942 1753 2990 cum
1777 2914 1847 2990 hoc
1867 2913 2049 2991 Fabiano
2068 2917 2227 2991 pruteno

194 3015 292 3084 nude
305 3009 482 3079 intellecto
498 3009 617 3077 ferunt
633 3007 844 3077 sententiam
858 3005 983 3076 iudicii
1000 2998 1185 3098 capitis¹²).
1235 3011 1459 3090 familiai-itai
1480 3034 1544 3093 ω,
1593 3019 1684 3090 Nam
1708 3021 1935 3112 prudentiam
1949 3046 1989 3092 π
2005 3022 2226 3111 diligentiam

1510 2235 1658 2319 Iooctr.
1692 2231 1952 2322 Camerarto.

1234 2555 1460 2634 Clarissimo
1480 2562 1557 2634 viro
1581 2557 1784 2635 eruditione
1804 2573 1837 2634 et
1864 2562 1993 2634 virtute
2019 2560 2233 2661 praestanti

1241 2658 1485 2735 Ioacdimo
1513 2654 1784 2735 Camerario
1816 2659 2044 2760 Pedergensi
2077 2658 2231 2735 Recteri

1337 2760 1453 2840 Acad.
1478 2758 1655 2865 Lipst'coe
1678 2764 1798 2836 amico
1822 2789 1890 2837 suo
1914 2762 2129 2852 carissimo,

193 3111 286 3186 Eam
306 3122 503 3204 exequntur
517 3104 733 3192 Kothenses,
764 3107 979 3178 decollantes
1003 3107 1184 3179 miserum.
1236 3119 1312 3188 eius
1337 3119 1512 3209 cognitam
1534 3134 1569 3191 ct
1592 3135 1783 3214 spectatam
1807 3117 1940 3213 haheo,
1971 3122 2055 3217 quia
2086 3136 2226 3193 nosmet
2311 3192 2315 3201 f
2414 3179 2422 3188 .

195 3213 303 3284 Brevi
329 3224 426 3305 P⁰⁵l›
451 3211 514 3280 Ubi
535 3211 745 3301 Paleftclfflss
769 3221 821 3279 ²⁵1
842 3208 1024 3301 Pmdilum
1047 3201 1184 3277 hunss
1236 3219 1371 3290 litteras
1394 3222 1439 3290 ad
1452 3218 1590 3292 Ducem
1615 3215 1807 3292 Aldertum
1830 3224 1972 3294 mittere
1994 3223 2101 3308 solet,
2125 3222 2227 3293 euius

195 3316 359 3409 Pastore,
383 3313 518 3382 iudices
533 3310 720 3402 Lipsenses
735 3309 954 3403 palinodiam
968 3308 1184 3392 cecinerunt,
1236 3321 1448 3392 liberalitate
1470 3323 1509 3398 i„
1527 3317 1718 3393 Academia
1741 3324 1884 3403 alitur,¹
1920 3322 2031 3393 Volui
2054 3346 2136 3393 eum
2158 3322 2227 3403 gibi

196 3432 233 3489 el
246 3417 418 3487 decollato
434 3416 561 3483 fatiam
578 3408 745 3482 iniuriam
761 3406 1052 3506 affirmarunl¹⁸).
1101 3407 1184 3481 Non
1236 3447 1380 3516 quoque
1402 3435 1527 3494 notum
1551 3446 1635 3498 esse,
1685 3422 1792 3495 Nunc
1815 3419 2012 3515 Augustam
2034 3423 2228 3515 proficisci..

193 3520 297 3590 enim>
319 3514 452 3587 iudicio
476 3514 636 3583 criminis
661 3537 760 3583 reum
785 3537 886 3602 agere
907 3512 1061 3605 aliquem
1083 3533 1185 3603 posse
1236 3536 1306 3608 mr,
1321 3537 1362 3594 ut
1377 3524 1476 3594 iliam
1494 3522 1821 3595 Germaniaeomm
1836 3527 1964 3598 videat,
2002 3522 2227 3596 Cumanum

194 3622 411 3692 sacerdotem
429 3641 469 3685 ex
491 3614 728 3698 confessione,
751 3614 814 3683 uhi
833 3608 1003 3709 solum¹⁸)
1025 3612 1184 3683 remissio
1235 3617 1440 3694 Masculus
1454 3621 1543 3694 mihi
1565 3648 1687 3696 recens
1700 3624 1898 3715 scripserit,
1922 3619 2126 3693 Antonium
2143 3619 2227 3718 Hy.

195 3721 327 3815 peccati
345 3717 564 3808 impertitur,
589 3740 664 3785 non
680 3716 795 3806 agitur
811 3714 1049 3785 ministerium
1065 3712 1185 3804 gladii.
1233 3717 1415 3822 pascham
1448 3749 1490 3794 ex
1522 3726 1613 3796 iii-be
1637 3722 1860 3796 Henetomm
1890 3748 2055 3816 magnam
2088 3739 2226 3817 panem

195 3821 252 3896 Ile
276 3847 317 3893 eo
340 3823 378 3890 in
395 3818 566 3889 Decretal.
588 3842 664 3911 cap.
687 3814 725 3885 si
736 3809 907 3885 sacerdos
923 3827 988 3890 etc.
1010 3816 1056 3885 de
1068 3815 1185 3885 officio
1239 3824 1460 3896 Graecorum
1486 3827 1729 3912 voluminum,
1760 3850 1915 3997 (sporum
1935 3827 2057 3896 vidisti
2083 3823 2227 3898 catal&

195 3923 325 3997 iudicis
348 3919 521 3992 ordinarii
540 3915 703 3992 habetur.
752 3915 872 3986 Verba
892 3929 990 3986 sunt:
1017 3913 1048 3985 si
1071 3939 1186 3986 sacer-
1236 3917 1342 4017 gum,
1364 3926 1562 4016 Augustam
1583 3928 1743 4014 misisse,
1800 3940 1936 3998 ortatu,
1962 3950 2042 3998 eum
2064 3919 2228 3998 Musca.

194 4026 263 4098 dos
282 4026 386 4107 sciat,
416 4022 570 4114 aliquem
592 4042 666 4090 esse
688 4041 753 4110 pro
775 4030 870 4087 certo
895 4040 994 4087 reum
1016 4015 1187 4100 criminis,
1237 4025 1334 4114 lum,
1359 4041 1399 4099 ui
1424 4029 1482 4098 edi
1498 4029 1792 4100 commentitium
1818 4029 1858 4097 in
1871 4021 2118 4124 τηράβιβλογ
2139 4027 2226 4100 Ρω-

195 4130 254 4199 vel
268 4127 299 4198 si
315 4126 493 4197 confessus
507 4120 624 4206 suerii,
650 4133 685 4192 ei
701 4119 888 4188 ementiare
904 4118 1075 4203 voluerii,
1098 4117 1185 4207 (nisi
1236 4130 1362 4198 lemae}
1386 4140 1504 4214 curet,
1530 4143 1565 4201 et
1584 4131 1616 4199 gi
1638 4131 1727 4223 quid
1753 4142 1933 4221 praetem
1956 4129 2117 4201 inveniet
2138 4129 2227 4199 insi.

195 4228 384 4301 iudiciario
409 4224 536 4295 ordine
556 4223 637 4316 quis
656 4221 809 4313 probare
823 4213 964 4312 possit),
985 4242 1061 4289 non
1081 4219 1187 4289 dehet
1236 4231 1360 4319 guium
1383 4245 1710 4302 monumentorum.
1765 4229 1806 4306 si
1829 4228 1919 4300 libet
1950 4229 2061 4300 addes
2089 4229 2227 4324 aliquid

195 4356 278 4404 enm
300 4350 445 4418 arguere
468 4324 702 4407 nominatim,
733 4322 792 4390 sed
818 4320 1111 4405 indeterminate,
1136 4320 1185 4388 si·
1236 4332 1445 4402 litterarum,

193 4445 257 4504 cui
278 4429 398 4524 inquil
412 4423 592 4498 Christus:
618 4448 710 4494 unus
732 4434 887 4490 vestrum
906 4445 964 4489 me
980 4420 1186 4512 proditurus
1339 4424 1557 4500 Laterensis
1578 4429 1833 4522 amplissimum
1854 4444 2099 4521 argumentum
2121 4430 2228 4501 nobie

194 4548 261 4609 est.
310 4531 381 4603 Sed
403 4530 433 4600 si
451 4529 534 4612 ille,
556 4526 613 4596 cui
630 4528 799 4594 damnum
818 4522 958 4591 illalum
980 4534 1050 4607 0⁸1,
1074 4523 1185 4614 Pelii·
1237 4533 1441 4624 proposuit,
1455 4533 1499 4602 de
1515 4556 1586 4625 quo
1604 4531 1932 4620 cogitans,sacilius
1942 4532 2110 4602 volumen
2119 4553 2226 4625 quam

194 4635 245 4707 rit
284 4633 475 4716 iustitiam,
512 4640 627 4722 potest
665 4623 967 4696 excommunicare
1006 4636 1185 4695 tutiorem
1236 4625 1350 4732 λόγον
1367 4628 1608 4706 ἐπιδεικτικὸν
1633 4627 1699 4704 hac
1723 4630 1850 4702 usitata
1874 4634 1989 4702 forma
2003 4633 2111 4702 condi
2125 4654 2228 4724 posse

1236 4732 1366 4808 iudico.
1417 4731 1488 4805 Sed
1504 4735 1664 4820 annitar,
1689 4748 1729 4805 ut
1741 4732 1878 4828 aliquid
1893 4746 2073 4815 estruem,
2096 4745 2137 4806 ut
2159 4733 2227 4805 tihi

1237 4860 1372 4906 morem
1393 4857 1523 4927 geram.

229 4941 348 5009 20⁰³·
366 4938 449 4994 ⁶0¹⁵·
467 4939 507 4994 ¹⁹·
525 4952 665 4991 morsum.
1339 4932 1632 5007 cohortationem
1655 4928 1894 5020 Alesianam,
1918 4949 1953 5008 et
1974 4934 2121 5007 alteram
2143 4958 2229 5006 con-

231 5028 276 5178 iii
293 5013 764 5168 glinditiotitbpiminioffi'
780 5012 822 5070 ω’
1238 5037 1376 5108 cionem
1396 5039 1440 5108 de
1464 5034 1604 5109 leiunio
1624 5036 1709 5153 legit
1721 5027 1932 5124 Lutherus,
1957 5049 1993 5109 et
2015 5036 2119 5107 valde
2143 5059 2229 5130 pro-

230 5195 279 5261 te)
297 5193 390 5262 confit.
409 5190 472 5244 cod.
487 5187 571 5243 Goth.
585 5185 627 5242 19.
650 5202 707 5239 non
726 5182 816 5239 behet.

229 5279 273 5350 ce)
291 5276 362 5334 eos.
375 5274 460 5330 Gon.
479 5274 521 5328 19.
538 5273 675 5339 ωριαιιι,

229 5365 273 5432 ιι)
292 5357 697 5428 &amanuensem
1275 5350 1817 5421 commiseratutinam.

228 5443 605 5524 tstcoecoumeaota.
1269 5437 1565 5510 meseconis.
1586 5434 2178 5508 aequo.rate.1eusttattt⁵tt.m.

191 4821 429 4844 m
