4868 6420
217 342 294 432 sot
799 352 1236 436 nersrouanuu
1289 361 1394 439 cre.
1429 364 1494 442 ur.
1548 365 1679 442 asts.
1725 391 1727 395 ν
2112 327 2267 469 [soa

325 526 434 621 Quod
455 554 539 599 vero
561 531 710 622 putatis,
733 557 799 603 nos
819 530 877 604 hic
899 535 1011 607 multa
1032 536 1157 605 audire
1175 538 1219 606 de
1270 531 1466 609 haereditas
1480 541 1545 608 filii
1559 539 1638 616 Dei.
1691 542 1805 612 Video
1820 520 1983 614 'humana
2005 545 2178 636 praesidia
2199 546 2264 615 ad-

219 631 315 702 hello
336 646 370 703 et
385 633 496 722 copiis
513 631 670 703 Henrici
686 629 1006 722 Brnnswieensis,
1033 639 1138 728 longe
1151 636 1218 708 ili·
1268 642 1414 709 modum
1432 642 1599 731 languida
1615 668 1699 714 esse.
1737 643 1835 715 Bene
1851 662 1885 717 et
1899 647 2051 716 feliciter
2065 648 2154 722 vale.
2188 646 2263 718 Da-

217 748 275 806 ter
298 735 347 808 fit.
405 733 595 805 Silentium
620 737 752 806 mirum
775 741 880 808 dere
908 752 1023 824 tanta,
1051 741 1131 810 ideo
1154 765 1216 810 vos
1267 755 1338 826 tae,
1364 741 1597 815 Mansleldiae
1620 748 1678 814 die
1699 742 1734 820 5.
1751 743 1875 818 Octbr.
1928 750 2086 820 Salutem
2110 765 2194 842 opto
2215 747 2260 818 D.

218 860 303 929 oro,
330 848 369 905 ut
384 831 476 905 mihi
493 841 756 930 quamprimum
773 857 865 912 certa
881 843 1060 922 scribatis,
1086 844 1149 912 ubi
1171 843 1216 912 sit

216 935 300 1009 Dux
315 934 517 1027 Henricus,
544 965 589 1009 an
606 935 733 1010 habeat
748 957 981 1026 commeatus,
1004 971 1049 1013 an
1065 945 1215 1014 cinxerit

215 1039 403 1111 obsidione
420 1030 534 1109 arcem
551 1037 824 1140 Wolsenlcitel.
866 1044 925 1114 An
940 1040 1214 1142 Landgraoius

217 1142 405 1234 adduxerit
430 1144 631 1214 exercitum.
693 1145 840 1231 Noster,
866 1149 1015 1229 dicitur,
1041 1162 1213 1218 venturus

215 1246 261 1314 ad
297 1237 503 1313 Molhusen
537 1247 820 1336 postu-iduum.
879 1248 1037 1320 Tantum
1072 1252 1212 1336 scimus,

215 1370 331 1417 arcem
341 1342 556 1416 Steinbruclr
568 1363 772 1440 occupatam
789 1342 920 1442 essc*).
953 1349 1030 1440 Ego
1049 1368 1082 1422 et
1099 1377 1211 1444 spero,

214 1445 332 1519 Deum
350 1462 544 1534 aeternum,
560 1447 702 1519 Patrem
718 1450 865 1521 Domini
880 1457 994 1523 nostri
1012 1453 1089 1524 lesu
1104 1451 1211 1525 Clui-

217 1551 274 1636 sti,
301 1552 530 1627 defensurum
549 1574 622 1619 esse
638 1550 823 1638 Ecclesias,
849 1568 884 1625 et
899 1553 1047 1627 Politias
1060 1571 1209 1638 nostras,

216 1666 252 1722 et
267 1665 308 1722 ut
326 1654 511 1737 defendat,
536 1667 634 1742 regat
651 1667 686 1725 et
705 1669 837 1742 servet,
862 1681 939 1732 oro.
988 1656 1087 1728 Bene
1108 1673 1143 1728 et
1156 1661 1210 1729 le·

213 1755 331 1825 liciter
344 1756 468 1824 valete.
519 1754 587 1825 Die
604 1757 640 1832 5.
656 1753 835 1833 Octobris.

216 1875 224 1880 ”
955 1858 1157 1955 Philippus.

209 2078 1203 2102 Μαι-..Μ---ψ-ἈΜΜ...

218 2216 289 2292 Νο.
305 2217 420 2293 3283.

212 2315 428 2352 Μ

855 2233 887 2296 6·
907 2228 979 2297 Oet.
1001 2230 1195 2315 (lllonsl'eld)

831 2323 1193 2358 m

548 2419 592 2511 C.
626 2421 869 2539 Cruoigero.

209 2606 213 2614 .
273 2597 463 2738 pgxippp'gr.
481 2597 510 2653 iu
530 2600 594 2656 cod.
612 2600 1061 2669 Bibl.Palat.Viennem,The01,
1078 2630 1127 2668 no.
1142 2612 1204 2673 908,

203 2819 553 2910 Clarissimorum
582 2826 784 2904 eruditione
816 2844 847 2905 et
876 2834 1007 2907 virtute
1032 2837 1204 2937 praedito

227 2925 281 3000 D.
302 2922 517 3027 Cospori
537 2923 806 3035 Crueigero,
831 2933 984 3037 ἀδελφῷ
1000 2939 1180 3040 φιλτάτῳ.

200 3057 246 3150 S.
272 3076 317 3153 D.
370 3078 413 3149 ln
437 3078 493 3150 his
516 3084 608 3174 iugis
631 3083 815 3158 Herciniis
837 3090 1039 3164 invenimus
1060 3095 1104 3171 D.
1121 3095 1203 3167 Ste-

198 3175 388 3279 phanum,
415 3182 598 3255 Medicum
615 3185 821 3281 Cygneum,
847 3197 908 3286 qui
929 3191 1131 3292 dtadtiritlrpv
1149 3203 1201 3269 af-

200 3285 384 3369 firmabat,
408 3281 477 3356 τὸν
495 3285 717 3384 Motapirtou
734 3309 769 3364 et
783 3296 901 3365 vivere
924 3311 958 3367 et
975 3304 1201 3372 convalesce-

199 3410 256 3472 re,
298 3389 395 3480 quod
424 3390 537 3458 laetor
563 3391 612 3459 ita
640 3416 723 3466 esse.
790 3393 888 3490 Περὶ
920 3398 1083 3492 πολέμου
1115 3401 1156 3476 di
1172 3404 1198 3499 ¹)

198 3484 371 3561 ἐναντίον
387 3487 589 3582 παροιμίας
609 3491 762 3591 γίνεται.
789 3495 833 3568 οὐ
850 3495 925 3595 yoip
941 3496 1058 3573 πόλλα
1077 3506 1198 3599 θρυλ-

197 3594 312 3662 λεῖται
339 3588 452 3663 καινὰ
483 3588 647 3682 ἐνθάδε,
673 3595 737 3668 καὶ
763 3596 965 3692 ἐθαύμασα
996 3602 1199 3705 ὀλιγωρίαν

199 3692 241 3764 ἐν
264 3687 436 3787 τοσούτῳ
457 3690 636 3792 κινδύνῳ.
690 3695 844 3771 ³Anartoi
864 3699 940 3800 γὰρ
962 3701 982 3777 ὁ
1008 3705 1196 3804 taedam)

197 3786 300 3867 adro
327 3797 469 3868 Minoo
485 3793 513 3891 3)
543 3796 663 3884 λείαν,
701 3797 751 3882 ὥς
771 3797 885 3875 πάλαι
906 3805 1054 3900 ἔφασαν
1080 3809 1196 3885 αὐτὸν

194 3891 361 3990 ποιήσειν
383 3892 522 3980 ταύτας
543 3895 682 3994 χώρας.
735 3903 834 3992 Quae
863 3925 1004 3981 narrata
1035 3908 1196 3985 hiesum

193 4001 320 4091 scripsi
341 3993 464 4068 Paulo
490 3996 766 4100 ovpccptlooo'cpcp
788 4022 921 4080 nostro.
950 4043 952 4048 ’
975 4010 1065 4083 Heri
1091 4018 1195 4085 etiam

192 4095 424 4196 Mogontini
440 4100 471 4195 ⁴)
495 4131 590 4175 mors
614 4121 705 4175 certe
733 4109 899 4180 nunciata
923 4126 985 4188 est.
1036 4115 1110 4186 Nos
1130 4102 1191 4187 ‘ve-

190 4205 243 4276 ris
263 4205 426 4297 precibus
450 4203 526 4274 Deo
551 4211 840 4280 commendamus
861 4214 1009 4284 salutem
1031 4221 1193 4290 ecclesia-

1264 841 1412 915 Rectori
1429 861 1463 919 et
1477 845 1523 921 D.
1537 843 1758 942 Augustino.

1743 946 1932 1044 Philippus
1950 945 2110 1049 ἀδελφός
2127 973 2206 1024 σου.
2282 964 2286 971 “

1261 1277 1327 1351 Νο.
1346 1277 1458 1355 8284.

1269 1375 1439 1402 m

2127 1289 2242 1370 a...)

2113 1382 2249 1411 Μ

1442 1478 1645 1616 Crueiger
1669 1425 1730 1566 acl
1757 1482 1824 1567 Io.
1856 1513 1886 1566 α
1911 1483 2071 1568 Lasko.

1326 1658 1364 1712 Ex
1382 1659 1507 1733 epistolis
1524 1662 1608 1718 viror.
1626 1662 1691 1718 clar.
1710 1663 1774 1719 edit.
1795 1683 1810 1718 a
1829 1661 1989 1719 Gabemrua.
2007 1683 2034 1735 p.
2050 1661 2093 1720 54.

1258 1811 1468 1889 Nobilitate
1482 1820 1641 1913 generis,
1662 1817 1830 1892 doctrina
1847 1831 1878 1893 et
1894 1821 2027 1921 pietate
2040 1816 2253 1919 praestanti

1260 1921 1356 2003 uiro,
1382 1918 1436 1997 D.
1462 1920 1486 1990 l
1498 1921 1647 1991 oanni
1671 1950 1695 1991 a
1719 1920 1895 2020 -Laslcy,
1923 1950 1969 1995 ex
1992 1923 2114 1994 nobili
2125 1919 2251 2022 sami-

1260 2020 1315 2093 lia
1334 2019 1551 2110 Baranam,
1579 2024 1774 2121 inspectori
1803 2037 1834 2096 et
1855 2026 2099 2121 gubernatori
2119 2021 2250 2095 Eoelo-
2280 2101 2282 2107 ,

1257 2125 1400 2196 siarum
1418 2127 1458 2197 in
1472 2123 1517 2198 F
1512 2127 1605 2197 risio
1625 2121 1836 2214 Orientali,
1864 2126 2013 2201 domino
2033 2155 2101 2200 suo
2120 2125 2249 2198 multis

1521 2228 1732 2301 nominibus
1748 2229 1994 2315 observando,

1254 2347 1301 2437 S·
1327 2364 1372 2441 D.
1422 2365 1514 2437 Cum
1530 2362 1618 2435 mihi
1635 2368 1691 2437 vir
1715 2371 1869 2457 optimus
1885 2362 1990 2437 Halo
2006 2361 2248 2463 Amsuirus*)

1255 2493 1357 2561 saepe
1383 2471 1489 2559 pleno
1519 2495 1581 2538 ore
1614 2470 1832 2559 praedicaret
1858 2471 2065 2541 excellentes
2098 2469 2249 2540 virtutes

1255 2585 1331 2640 tuas
1355 2597 1435 2639 cum
1459 2572 1631 2659 singulari
1654 2573 1760 2641 laude
1785 2567 2015 2642 humanitatis
2031 2573 2248 2655 coniunctas,

1255 2674 1320 2743 etsi
1335 2669 1425 2769 milri
1442 2675 1486 2741 de
1502 2674 1545 2741 iis
1561 2674 1632 2741 iam
1649 2686 1730 2742 ante
1746 2676 1789 2742 de
1806 2674 1897 2742 fama
1913 2688 2089 2744 constaret
2109 2689 2143 2744 et
2157 2672 2246 2742 alio·

1253 2799 1334 2844 rum
1355 2776 1543 2864 praeclaris
1565 2775 1776 2844 testimoniis
1799 2777 1999 2856 constabat,
2026 2792 2143 2846 tamen
2159 2772 2245 2842 Ha-

1254 2873 1353 2946 lonis
1370 2877 1530 2946 oratione
1556 2901 1627 2945 non
1648 2879 1877 2948 mediocriter
1900 2878 2066 2948 incensus
2088 2900 2167 2946 sum
2183 2901 2245 2946 cu·

1252 2980 1400 3070 piditate
1427 2979 1669 3048 conciliandae
1696 2980 1847 3052 alicuius
1875 2992 1992 3050 tecum
2019 2979 2184 3063 notitiae,
2210 2990 2272 3072 el.

1251 3083 1369 3173 aliqua
1395 3082 1577 3150 occasione
1596 3081 1803 3151 insinuandi
1822 3106 1880 3150 me
1899 3082 1937 3150 in
1953 3082 2144 3153 amicitiam
2161 3081 2243 3151 talis

1250 3184 1337 3266 viri,
1362 3207 1467 3276 quem
1491 3198 1635 3274 propter
1651 3207 1805 3253 summas
1820 3185 2145 3253 commendationes
2167 3172 2242 3251 non

1249 3310 1393 3376 possum
1414 3309 1487 3353 non
1503 3286 1653 3354 mirilico
1676 3309 1795 3354 amore
1810 3287 2013 3376 complecti,
2034 3285 2240 3377 praesertim

1249 3413 1329 3455 cum
1346 3383 1437 3456 mihi
1452 3401 1554 3455 antea
1574 3388 1639 3457 visi
1656 3399 1689 3455 et
1705 3389 1838 3478 cogniti
1854 3389 1926 3458 sint
1939 3389 2009 3456 viri
2024 3399 2241 3479 praestantes

1248 3491 1373 3558 iratres
1399 3491 1472 3572 tui,
1497 3487 1747 3583 Hieronymus
1770 3506 1804 3560 et
1829 3484 2061 3574 Ladislnns,
2087 3512 2239 3582 quorum

1248 3616 1328 3660 curn
1346 3617 1385 3658 ex
1408 3593 1481 3680 ipsa
1504 3594 1618 3680 specie
1637 3592 1826 3682 singularis
1843 3595 1901 3678 vis¹
1918 3593 2052 3682 ingenii
2076 3592 2240 3674 eluceret,

1247 3707 1280 3761 et
1295 3705 1334 3761 tu
1346 3696 1390 3760 ab
1407 3693 1478 3760 illis
1491 3695 1619 3761 nolitis
1634 3695 1685 3763 tui
1701 3694 1988 3782 generisclotibus
2001 3689 2094 3761 nihil
2110 3693 2239 3761 disces·

1246 3795 1355 3878 seris,‘
1378 3798 1439 3864 sed
1456 3796 1607 3865 arl'illud
1624 3798 1729 3866 decas
1744 3798 1969 3866 excellentem
1990 3795 2187 3865 doctrinam
2205 3808 2238 3864 et

1245 3897 1424 3986 singulare
1447 3899 1603 3967 studium
1628 3900 1767 3989 pietatis
1788 3899 2006 3966 adiunxeris:
2033 3900 2138 3986 longe
2161 3920 2236 3964 ma·

1245 3999 1354 4069 iorem
1370 4001 1424 4068 tui
1441 4001 1710 4069 admirationem
1726 3996 1816 4068 mihi
1831 4000 2045 4079 conciliasti,
2071 3999 2131 4092 qui
2153 4021 2236 4088 prae

1245 4104 1388 4170 caeteris
1405 4098 1472 4169 hoc
1494 4117 1661 4194 tanquam
1680 4103 1856 4194 peculiare
1873 4100 1940 4170 Dei
1957 4105 2091 4170 donum
2110 4100 2234 4169 merito
2281 4108 2285 4117 '

1218 4166 1222 4314 l
1244 4217 1277 4272 et
1294 4204 1419 4272 eximie
1434 4205 1710 4294 praedicandum
1727 4208 1829 4288 clueo,
1852 4206 1947 4297 quod
1965 4205 2025 4272 illa
2045 4204 2117 4293 ipsa
2132 4225 2234 4292 prae-

189 4331 274 4378 rum
299 4321 332 4376 et
353 4309 619 4393 doctrinarum,
646 4323 680 4381 et
704 4313 912 4404 disciplinae
936 4320 1193 4409 defensionem,
1217 4318 1221 4378 l
1243 4305 1334 4373 clara
1353 4319 1561 4374 ⁰r¹¹³¹¹¹⁰¹¹l²¹
1579 4309 1622 4375 ad
1643 4308 1933 4398 P¹ ⁰P³ss³¹l⁰¹¹⁰ffl
1950 4305 2133 4394 d⁰⁰l¹l¹¹ie
2154 4327 2234 4371 ⁶⁰⁸·
2333 4329 2339 4340 '

194 4419 238 4478 ut
264 4409 308 4478 sit
324 4410 443 4503 aliqua
461 4425 495 4480 et
518 4426 664 4482 nuncet
683 4415 727 4481 ad
744 4429 901 4505 posteros
918 4419 1013 4490 inter
1029 4417 1192 4495 homines

193 4607 404 4622 m

224 4725 257 4798 *)
276 4730 319 4782 De
338 4728 390 4782 boo
407 4730 584 4814 bello,·quod
598 4731 759 4787 Melantbon
779 4732 808 4788 in
827 4735 968 4809 epistolis,
986 4760 1054 4813 quae
1073 4744 1126 4798 iam
1145 4766 1189 4800 se-

258 4808 400 4921 puuntur,
431 4818 537 4871 saepius
565 4807 813 4866 commemoravit,
849 4809 906 4862 aid.
930 4812 1050 4865 narratio
1078 4817 1190 4869 uberior

282 4868 379 4920 leidani
401 4870 429 4920 ln
450 4869 605 4926 Commeat.
625 4892 652 4943 p.
667 4874 718 4927 473
729 4874 829 4930 476.

223 4952 256 5026 l)
274 4952 346 5005 Puto
363 4955 404 5007 vel
424 4953 454 5008 aci
476 4975 525 5037 pro
544 4958 576 5010 δὲ
596 4957 758 5030 legendum,
781 4962 822 5014 rel
842 4962 873 5016 dl
891 4961 923 5016 ια’
942 4965 1073 5036 scriptum
1095 4969 1186 5028 luisse.
1211 4984 1214 5033 l

254 5028 402 5095 Παροιμίαι
419 5035 459 5077 est
477 5026 521 5078 rlla
545 5028 704 5082 notissimae
734 5037 802 5087 tool
828 5035 930 5103 longo
953 5037 1077 5110 matrs,
1105 5045 1185 5099 utet
1210 5088 1213 5109 ,

1003 5139 1005 5142 <
1148 5152 1156 5156 -
1208 5111 1212 5157 Ι

218 5099 400 5247 ηθέιείτίαυε
419 5181 480 5232 Dux
499 5180 643 5237 Brunsvio.

217 5263 258 5333 8)
271 5263 326 5315 i.e.
346 5261 543 5345 Misnicorurn,
562 5267 749 5348 quosuMysios
768 5270 904 5341 appellare
924 5271 994 5327 solet
1007 5274 1179 5349 Melantbon,

185 5356 189 5361 .
251 5339 338 5453 guare
356 5336 468 5386 Μασων
493 5345 559 5414 puto
585 5337 760 5431 scribenda-a
786 5359 853 5393 esse.
896 5340 937 5394 De
961 5344 1008 5395 illo
1027 5345 1119 5420 bello,
1145 5350 1179 5403 ab

279 5420 373 5454 eurico
394 5415 488 5466 moto,
515 5402 568 5457 oo.
586 5403 707 5458 Sleulan.
728 5409 772 5458 lul».
793 5410 868 5461 XVl.
889 5430 913 5481 p.
926 5411 977 5464 478
992 5432 1052 5485 sqq.

213 5483 243 5554 4)
261 5486 388 5551 Atoertt,
416 5484 581 5548 Archiepisc.
608 5486 734 5556 lllognot.
760 5490 792 5543 cle
823 5494 900 5548 cuius
918 5507 1007 5550 morte
1028 5497 1080 5554 rid.
1101 5500 1175 5556 Slel-

250 5556 303 5608 dan
332 5564 359 5623 p.
372 5554 434 5606 476.
467 5552 546 5608 Obiit
565 5553 609 5609 die
627 5559 669 5611 tt.
689 5558 781 5630 Septb.
800 5559 826 5615 h.
844 5580 869 5615 a.
983 5608 990 5623 Ι

1242 4408 1339 4475 lestis
1355 4421 1388 4475 et
1403 4408 1648 4476 celebrandam
1665 4409 1814 4497 gloriam
1829 4406 1896 4476 Dei
1917 4406 2111 4477 contulisti.
2164 4404 2233 4475 Sed

1241 4534 1321 4577 cum
1350 4504 1438 4576 mihi
1463 4523 1496 4578 et
1516 4512 1651 4577 occasio
1678 4516 1830 4589 deesset,
1857 4528 1946 4603 quae
1971 4511 2106 4578 aditum
2130 4509 2172 4576 ad
2201 4520 2232 4576 te

1240 4612 1460 4702 patefaceret,
1479 4626 1513 4680 et
1528 4614 1737 4689 verecundia
1754 4616 1908 4682 obstaret
1925 4611 2109 4703 cupiditati
2126 4633 2233 4691 meae,

1240 4714 1278 4782 in
1294 4728 1446 4806 utroque
1463 4708 1609 4803 pulchre
1623 4740 1678 4783 me
1699 4716 1835 4784 adiuvit
1853 4710 1976 4799 Halo,
2002 4738 2080 4781 cum
2104 4711 2233 4780 disces-

1239 4840 1342 4885 surus
1366 4840 1384 4883 a
1410 4815 1514 4883 nobis
1537 4816 1655 4886 literas
1680 4842 1697 4887 a
1721 4842 1794 4900 me,
1822 4818 1951 4909 quibus
1976 4818 2019 4884 ad
2045 4828 2079 4883 te
2099 4812 2232 4881 rediret

1239 4918 1536 5004 commendatior,
1558 4919 1761 5010 postularet.
1801 4918 1889 4988 Nam
1906 4935 1937 4988 et
1956 4918 2091 4986 occasio
2109 4915 2231 4983 idonei

1237 5021 1405 5111 temporis
1428 5035 1577 5112 utraque
1602 5047 1709 5091 manu
1732 5023 1934 5111 arripienda
1966 5020 2169 5098 videbatur,
2195 5029 2230 5086 et

1235 5148 1304 5216 quo
1323 5124 1440 5189 urinus
1459 5147 1615 5202 vererer,
1643 5125 1788 5216 nequid
1808 5125 2042 5203 offenderem,
2068 5120 2228 5187 animum

1232 5219 1323 5292 milri
1354 5225 1447 5293 idem
1479 5226 1616 5295 addidit
1650 5249 1711 5295 sua
1742 5227 1811 5296 fide
1841 5224 2065 5315 interposita,
2096 5220 2228 5291 conlir·

1234 5401 1324 5410 *0-
1352 5402 1389 5409 ..ο

1259 5502 1289 5571 *)
1310 5504 1428 5559 Videtur
1451 5505 1524 5560 idem
1543 5525 1601 5561 esse
1620 5505 1667 5578 qui
1691 5507 1719 5563 in
1737 5507 1807 5566 Mel.
1825 5511 1948 5584 epistolis
1967 5509 2037 5563 Helo
2055 5507 2157 5562 Frisios
2175 5522 2226 5577 ap·

1296 5574 1427 5647 pellatur·
