4868 6420
54 261 85 361 ss
194 314 268 396 ns

197 489 379 562 tritionem
401 488 477 559 sine
500 512 583 559 vera
605 487 785 584 agnitione
812 502 1035 580 peccatorum
1055 502 1090 559 et
1112 488 1185 557 irae

196 590 283 677 Dei,
309 608 345 664 et
361 591 437 660 sine
451 590 546 660 veris
561 591 775 662 terroribus.
825 586 874 660 Et
895 586 987 661 hanc
1009 590 1188 660 linxerunt

199 694 329 763 mereri
351 692 595 762 remissionem
617 706 860 784 peccatorum,
883 692 913 761 si
937 693 983 761 sit
1001 692 1188 776 sufficiens,

201 791 300 880 †sed
317 791 495 863 neminem
511 793 619 875 scire,
644 796 786 887 quando
802 795 847 864 sit
859 791 1064 867 sufficiens''.

303 893 527 964 Perniciosus
544 907 578 963 et
596 889 655 963 hic
679 919 778 965 error
792 895 873 979 fuit,
898 896 994 987 quod
1009 891 1189 984 †gravia''

202 998 370 1068 interiora
386 1009 525 1088 peccata
539 1010 765 1066 removerunt
787 1021 827 1086 ex
843 1009 1049 1087 conspectu,
1076 1008 1109 1064 et
1125 1018 1189 1063 ne-

149 1129 150 1132 *
203 1113 417 1190 garnntesse
440 1109 598 1187 peecata,
622 1109 663 1167 ut
679 1097 934 1182 dubitationes,
957 1098 1191 1180 securitatem,

204 1199 447 1283 diffidentiam,
470 1212 504 1266 et
519 1197 605 1266 alias
621 1221 747 1288 pravas
760 1199 1020 1273 inclinationes.
1071 1193 1190 1267 Econ-

204 1317 259 1375 tra
281 1326 365 1371 vero
383 1299 567 1392 pueriliter
580 1298 757 1372 finxerunt
775 1315 915 1403 peccata
931 1324 972 1370 ex
987 1300 1191 1370 traditioni-

203 1407 271 1476 bus
286 1400 464 1476 humanis.

235 1517 247 1535 ‘
304 1504 445 1577 Deinde
459 1504 504 1573 de
519 1503 805 1586 enumeratione,
825 1505 869 1572 de
884 1503 1192 1588 satisfactionibus,

206 1622 239 1678 et
258 1605 489 1695 indulgentiis
512 1628 650 1688 errores,
671 1628 793 1673 eorum
814 1629 903 1696 pene
924 1607 1089 1676 manibus
1114 1605 1192 1695 pal-

206 1710 284 1803 pari
300 1719 460 1801 possunt.

304 1808 486 1879 Postremo
508 1806 688 1876 silentium
710 1830 854 1899 prorsus
872 1820 923 1876 cst
940 1810 1033 1899 apud
1049 1828 1126 1889 eos,
1149 1807 1193 1874 de

206 1912 274 1980 fide
296 1933 358 1978 seu
379 1908 506 1979 fiducia
527 1910 567 1977 in
590 1903 772 1979 Christum
795 1908 987 1998 accipiente
1016 1909 1194 1977 remissio-

206 2035 288 2082 nem
310 2021 552 2102 peccatorum,
576 2008 648 2099 imo
663 2008 789 2079 iubent
803 2011 979 2081 dubitare.

306 2110 458 2202 Propter
472 2106 538 2180 hos
553 2132 688 2181 errores
700 2110 815 2203 reipsa
831 2112 992 2180 doctrina
1012 2134 1133 2181 eorum
1150 2111 1193 2179 de

206 2213 423 2308 poenitentia
432 2207 586 2282 Ethnica
601 2211 808 2305 †quaedam
822 2211 1012 2303 sapientia”
1026 2227 1087 2297 est,
1104 2236 1193 2304 quae

207 2314 438 2387 conscientias
451 2313 621 2407 relinquit
635 2314 673 2381 in
690 2315 913 2384 dubitatione
927 2317 971 2383 dc
989 2315 1193 2383 remissione

206 2430 450 2508 peecatorum,
476 2427 536 2483 aut
561 2415 665 2484 docet
682 2416 904 2508 acquiescere
924 2415 964 2485 in
986 2416 1195 2486 satisfactio-

207 2520 333 2604 nibus,
358 2517 449 2586 sicut
463 2511 662 2585 Alcoranus
676 2517 823 2587 tradidit
839 2539 1010 2607 canones,
1034 2517 1095 2609 qui
1114 2540 1194 2605 gra-

207 2622 275 2690 dus
307 2619 536 2715 delictorum,
576 2616 707 2710 quibus
740 2618 908 2711 operibus
941 2619 1195 2708 compensandi

207 2723 279 2792 sint
294 2715 347 2815 ¹⁸).

309 2821 457 2894 Constat
470 2835 586 2894 autem
602 2822 799 2895 doctrinam
815 2824 954 2894 devera
968 2822 1196 2912 poenitentia,

211 2925 255 2996 de
284 2925 465 3013 agnitione
490 2937 733 3015 peccatorum,
763 2939 797 2996 et
823 2925 895 2995 irae
921 2923 1008 3009 Dei,
1044 2928 1195 2995 devera

210 3027 442 3111 contritione,
473 3038 507 3094 et
530 3025 624 3093 veris
646 3026 859 3111 terroribus,
891 3026 954 3119 qui
977 3027 1130 3096 existunt
1157 3024 1195 3093 in

209 3143 329 3197 mente
360 3139 569 3216 agnoscente
598 3139 756 3217 peccata,
788 3129 831 3197 de
858 3128 925 3197 fide
954 3129 993 3196 in
1013 3123 1194 3199 Christum

209 3230 402 3320 accipiente
420 3228 677 3314 remissionem,
703 3243 736 3299 et
753 3230 797 3299 de
814 3253 907 3298 nova
923 3229 1135 3306 obedientia,
1163 3241 1196 3296 et

210 3355 291 3398 vcra
316 3329 562 3398 emendatione
594 3329 687 3398 vitae
717 3343 752 3398 et
777 3353 937 3414 morum,
969 3330 1195 3424 praecipuum

211 3454 283 3500 esse
313 3442 417 3521 caput
443 3429 625 3499 doctrinae
650 3423 894 3510 Christianae,
927 3431 1023 3523 quod
1045 3429 1197 3499 maxime

211 3556 300 3624 opus
319 3546 371 3601 est
388 3531 523 3600 sincere
538 3543 572 3599 et
585 3530 787 3623 incorrupte
801 3532 904 3605 tradi.

313 3629 366 3704 Ac
380 3632 586 3721 intelligunt
599 3655 721 3701 omnes
742 3632 794 3725 pii
809 3655 844 3702 se
859 3635 943 3703 v'ero
964 3641 1104 3723 pectore
1118 3625 1196 3698 Deo

212 3736 339 3825 gratias
354 3757 455 3824 agere
473 3733 609 3816 dehere,
631 3757 696 3824 pro
710 3734 882 3802 immenso
899 3732 1080 3815 beneficio,
1099 3731 1193 3822 qnod

210 3859 332 3906 rursus
360 3835 520 3913 accendit
545 3834 659 3902 lucem
687 3829 795 3904 huius
818 3836 1019 3918 doctrinae,
1049 3831 1195 3920 depulsa

210 3937 360 4027 caligine
393 3947 427 4004 et
446 3931 584 4004 reie'ctis
611 3934 810 4020 erroribus,
843 3950 883 4005 ut
905 3936 1018 4006 sciant
1044 3933 1116 4001 iam
1145 3930 1197 4022 pii

210 4064 293 4110 vera
308 4048 531 4130 peccatorum
547 4035 770 4121 discrimina,
793 4049 826 4106 et
848 4037 913 4107 ubi
934 4058 1016 4106 vera
1035 4033 1197 4103 consola-

210 4141 261 4212 tio
291 4139 443 4231 petenda
467 4138 533 4220 sit,
561 4161 600 4206 ac
629 4151 764 4208 norunt
795 4132 862 4207 hos
893 4161 966 4208 esse
991 4134 1197 4228 praecipuos

212 4243 327 4313 cultus
350 4239 437 4321 Dei,
471 4260 695 4327 expavescere
723 4251 912 4330 conspeetu
935 4251 1075 4307 nostrae
1097 4236 1198 4304 infir-

211 4342 343 4413 mitatis
354 4336 395 4412 et
412 4340 484 4409 irae
498 4338 587 4420 Dei,
612 4351 647 4408 et
660 4352 779 4410 tamen
795 4342 982 4430 confugere
998 4341 1043 4409 ad
1063 4336 1199 4406 media-

211 4460 323 4517 torem
340 4437 540 4524 Christum,
566 4454 602 4510 et
618 4453 769 4511 statuere
791 4454 937 4532 propter
952 4441 1068 4532 ipsum
1085 4440 1199 4508 dona-

114 4590 120 4604 »
212 4562 282 4617 tam
306 4568 379 4614 esse
397 4543 639 4633 remissionem
659 4557 900 4633 peccatorum,
926 4555 960 4612 ct
983 4537 1049 4611 hac
1070 4540 1138 4608 lide
1159 4539 1198 4606 in

212 4643 354 4719 Christo
378 4644 615 4737 acquiescere,
646 4644 736 4713 sicut
759 4645 927 4734 scriptum
951 4655 1019 4712 est:
1051 4633 1198 4732 lostifi-

213 4748 288 4819 cati
289 4741 371 4839 fide
384 4767 510 4840 pacem
524 4736 712 4813 habemus.

314 4847 415 4916 Hanc
429 4848 543 4916 lucem
560 4845 764 4929 doctrinae,
790 4845 819 4912 si
835 4842 914 4936 quis
936 4866 1010 4914 non
1024 4841 1199 4932 magnifa-

212 4953 270 5037 cit,
294 4948 417 5041 procul
434 4949 532 5017 abest
548 4971 566 5015 a
583 4940 715 5017 Christi
731 4946 922 5034 agnitione,
948 4960 983 5016 et
998 4940 1104 5015 habet
1117 4943 1199 5012 ani·

211 5077 309 5122 mum
325 5063 532 5140 occupatum
546 5047 703 5139 profanis
718 5061 780 5119 aut
796 5041 1051 5138 philosophicis
1069 5044 1197 5135 imagi·

211 5153 430 5225 nationibus.

763 310 1210 409 nrrsroxxnon
1268 311 1468 399 maxx
1519 297 1651 394 1545.

2150 316 2229 392 ote

1332 485 1423 559 Cum
1454 500 1571 560 autem
1602 514 1725 560 omnes
1753 494 1945 583 prudentes
1977 490 2091 560 sciant
2124 483 2224 560 hunc

1235 587 1349 680 ipsum
1360 591 1548 665 articulum
1559 592 1597 659 in
1608 590 1912 664 nostrisEcclesiis
1927 594 2078 663 fideliter
2088 604 2120 661 et
2132 615 2222 683 pure

1235 692 1388 782 proponi
1404 706 1438 762 et
1454 694 1630 784 explicari,
1657 708 1690 765 et
1704 697 1889 765 necessitas
1902 697 2085 774 universae
2099 690 2223 762 Eccle-

1236 792 1307 862 siae
1324 793 1498 883 postulet,
1522 808 1563 864 ut
1579 796 1714 885 puritas
1731 792 1837 867 huius
1852 797 1990 867 articuli
2006 797 2138 887 optima
2156 795 2227 863 fide

1237 908 1475 980 conservetur,
1501 920 1565 965 nec
1580 920 1765 985 possumus
1780 923 1844 969 nec
1860 899 2023 968 volumus
2037 897 2226 967 admittere

1237 997 1454 1088 corruptelas
1471 992 1512 1091 ¹⁹)
1532 993 1638 1067 huius
1655 999 1806 1073 articuli.

1338 1095 1552 1192 Quanquam
1568 1113 1686 1169 autem
1701 1101 1849 1170 artifices
1863 1102 2017 1194 quidam,
2042 1100 2105 1194 qni
2121 1099 2226 1170 novis

1237 1195 1327 1268 fucis
1342 1201 1494 1291 pingunt
1509 1213 1542 1270 ct
1556 1215 1721 1271 excusant
1735 1216 1868 1272 veteres
1883 1206 2022 1288 abusus,
2048 1213 2227 1296 quaerunt

1238 1314 1380 1372 nostrae
1426 1302 1666 1394 explicationis
1689 1297 1733 1399 ²⁰)
1759 1304 2036 1388 cavillationes:
2086 1303 2225 1373 Tamen

1239 1424 1361 1470 omnes
1382 1406 1573 1493 prudentes
1588 1418 1721 1475 norunt
1736 1406 1897 1476 omnium
1915 1406 2067 1500 partium
2093 1401 2227 1475 doctri-

1239 1526 1323 1579 nam
1340 1498 1380 1599 ²¹)
1403 1505 1442 1573 in
1463 1500 1533 1574 hoc
1555 1506 1705 1575 articulo
1729 1509 1825 1597 apud
1850 1532 1916 1578 nos
1942 1528 2081 1593 veram,
2106 1506 2228 1576 incor-

1240 1618 1400 1694 ruptam,
1425 1607 1541 1697 piam,
1566 1621 1601 1677 et
1617 1608 1807 1677 salutarem
1823 1633 1905 1683 esse.

1340 1703 1609 1776 Confessionem
1619 1733 1703 1777 vcro
1719 1724 1752 1780 et
1767 1710 1834 1801 ipsi
1849 1712 1887 1779 in
1908 1734 1975 1781 usu
1989 1710 2050 1802 pio
2072 1710 2226 1780 retinere

1240 1808 1438 1889 studemus,
1462 1821 1503 1878 ut
1521 1809 1560 1875 in
1574 1832 1614 1877 ea
1636 1811 1788 1900 populus
1802 1813 1983 1883 erudiatur
1999 1826 2034 1882 et
2055 1813 2144 1881 fides
2165 1834 2227 1880 ru·

1241 1909 1341 1978 dium
1359 1906 1404 2003 ²²)
1420 1910 1633 2001 exploretur,
1659 1925 1695 1981 et
1708 1927 1842 1985 mentes
1859 1913 2126 2005 perterrefactae
2142 1936 2228 1982 con-

1241 2010 1450 2080 solationem
1466 2011 1624 2091 audiant‚
1646 2037 1685 2083 ae
1701 2004 1840 2086 mineat
1854 2012 2229 2104 intellectusEvange-

1241 2111 1301 2196 lii,
1325 2124 1359 2181 et
1379 2111 1619 2183 testimonium
1639 2115 1841 2205 publicum,
1873 2119 1970 2211 quod
1991 2113 2228 2206 Evangelium

1241 2236 1323 2281 vere
1355 2214 1548 2284 annunciet
1581 2215 1823 2285 remissionem
1856 2233 2080 2310 peccatorum
2107 2217 2229 2287 multis

1242 2314 1401 2404 publice,
1426 2327 1459 2384 et
1475 2315 1640 2405 privatim
1659 2317 1806 2407 singulis
1822 2321 2021 2411 petentibus
2033 2333 2068 2389 et
2082 2323 2229 2389 creden-

1243 2416 1348 2488 tibus.
1398 2414 1448 2485 Et
1479 2416 1509 2484 si
1542 2417 1705 2486 salutaris
1737 2420 1940 2490 reformatio
1974 2422 2228 2506 institueretur,

1242 2517 1429 2608 praecipue
1444 2540 1533 2608 opus
1549 2533 1637 2589 essct
1653 2515 1748 2588 hunc
1762 2534 1875 2592 totum
1885 2524 2074 2594 articulum
2088 2525 2133 2593 de
2145 2547 2230 2615 poe·

1243 2619 1411 2703 nitentia,
1436 2633 1470 2689 et
1486 2620 1683 2688 doctrinam
1700 2623 1744 2689 de
1765 2624 2000 2710 confessione,
2023 2627 2068 2694 de
2093 2625 2230 2715 privata

1243 2721 1484 2806 absolutione,
1507 2722 1602 2790 etde
1622 2720 1754 2792 fideita
1776 2725 1950 2817 proponi,
1973 2740 2050 2797 turn
2071 2729 2112 2795 in
2127 2724 2229 2797 Cate-

1244 2817 1402 2907 chismis,
1427 2836 1503 2892 tum
1523 2823 1610 2892 alias
1635 2822 1673 2891 in
1696 2826 1926 2896 concionibus
1948 2827 2069 2898 doceri
2092 2842 2127 2899 et
2145 2850 2230 2898 con.-

1243 2924 1393 3008 servari,
1416 2925 1505 2994 sicut
1521 2947 1543 2994 a
1559 2924 1662 2994 nobis
1678 2947 1797 3016 saepe,
1823 2951 1922 3014 vere,
1948 2943 1982 3001 et
2007 2930 2150 3022 copiose
2171 2952 2229 2998 er-

1244 3025 1392 3115 plicatus
1413 3039 1475 3097 est.

1268 3123 1275 3145 “
1343 3123 1398 3194 De
1420 3128 1780 3198 excommunicatione
1804 3154 1890 3200 vero
1916 3145 1951 3203 et
1973 3134 2018 3201 de
2040 3156 2156 3224 poena
2178 3156 2230 3203 ss·

1244 3241 1372 3317 quente
1391 3230 1790 3316 excommunicationem
1806 3231 1901 3302 infra
1924 3235 1962 3302 in
1978 3235 2092 3325 capite
2108 3235 2154 3304 de
2176 3236 2231 3304 iu·

1244 3327 1347 3397 diciis
1370 3326 1626 3399 Ecclesiasticis
1650 3332 1797 3406 dicetur.
1855 3332 1961 3406 Nunc
1983 3337 2081 3410 enim
2102 3335 2150 3407 de
2172 3337 2231 3430 piu
2295 3336 2297 3345 ‘

1243 3452 1311 3499 usu
1325 3429 1634 3502 Sacramentorum
1648 3427 1764 3504 adhuc
1780 3433 1943 3543 diqimus.

1534 3585 1597 3661 Dc
1624 3584 1749 3665 Coena
1771 3587 1943 3666 Domini.

1345 3724 1537 3817 Postquam
1559 3723 1656 3797 Deus
1680 3728 1784 3798 initio
1805 3754 1869 3821 per
1882 3725 2019 3816 Adam,
2044 3747 2080 3804 et
2103 3733 2233 3807 deinde

1244 3851 1307 3919 per
1323 3823 1415 3895 Abel
1436 3827 1596 3928 instituit
1607 3830 1839 3899 ceremonias:
1864 3835 1982 3903 statim
1996 3833 2086 3906 Cain
2102 3849 2137 3906 et
2156 3837 2232 3908 eius

1244 3928 1439 3999 imitatores
1466 3923 1671 4021 hypocritae
1697 3932 1933 4023 depravarunt
1954 3958 2028 4022 eas,
2062 3950 2098 4008 et
2117 3939 2235 4010 varias

1245 4030 1460 4119 corruptelas
1478 4030 1704 4100 affinxerunt.
1755 4029 1809 4104 lta
1829 4034 1868 4102 iu
1889 4037 2020 4128 populo
2040 4035 2234 4113 lsraelce-

1245 4130 1420 4202 remonias
1434 4153 1453 4198 a
1468 4127 1544 4200 Deo
1559 4133 1740 4202 ordinatas
1754 4136 2011 4211 transtulerunt
2027 4134 2237 4235 hypocritae

1245 4234 1289 4303 ad
1309 4232 1455 4316 abusus,
1487 4244 1522 4301 et
1544 4255 1657 4303 novae
1680 4239 1893 4326 excogitatae
1913 4254 2016 4322 sient,
2050 4256 2092 4312 ut
2115 4244 2236 4317 cultus

1246 4331 1350 4419 Raal,
1375 4346 1410 4403 et
1430 4332 1658 4406 excelsorum.
1708 4333 1782 4406 Nec
1806 4338 1896 4408 ratio
1919 4335 2076 4412 humana
2099 4346 2235 4420 iudicat

1245 4458 1319 4505 esse
1341 4447 1498 4526 peccata,
1520 4438 1745 4526 *ceremonias
1773 4462 1794 4508 a
1812 4437 1894 4511 Deo
1916 4437 2097 4515 institutas
2116 4459 2234 4519 trans-

1245 4538 1336 4606 ferre
1358 4537 1401 4606 ad
1424 4536 1512 4604 alios
1529 4559 1613 4606 usus
1633 4555 1772 4629 praeter
1792 4541 2071 4631 institutionem,
2096 4560 2161 4620 sut
2175 4575 2235 4621 ex-

1246 4638 1397 4726 cogitare
1415 4659 1528 4706 novos
1545 4638 1673 4715 cultus.
1709 4638 1785 4711 lmo
1801 4644 1906 4713 sentit
1924 4639 1989 4714 hos
2001 4647 2091 4718 ritus
2105 4652 2235 4724 eximie

1246 4761 1351 4830 opera
1375 4760 1468 4821 esse,
1500 4750 1597 4828 grata
1621 4737 1717 4824 Deo,
1749 4741 1840 4812 iram
1862 4745 1939 4814 eius
1966 4747 2164 4838 placantia,
2195 4768 2236 4826 ut

1246 4863 1325 4910 cum
1348 4836 1529 4910 Isra'e'litae
1559 4840 1598 4908 in
1629 4842 1795 4914 omnibus
1823 4847 2005 4918 montibus
2030 4865 2236 4930 extruerent

1245 4941 1390 5026 sacella,
1416 4941 1664 5013 existimabant
1679 4965 1715 5012 se
1728 4967 1855 5037 augere
1871 4949 1967 5019 hona
1982 4973 2102 5043 opera,
2127 4969 2164 5028 et
2181 4982 2235 5029 sa-

1254 5124 1460 5140 m

1170 5280 1177 5288 ἱ
1282 5217 1327 5286 19)
1346 5218 1409 5272 Per.
1425 5236 1476 5272 nee
1487 5227 1604 5286 poserem
1615 5237 1667 5274 nee
1678 5224 1779 5278 debent
1790 5227 1909 5280 admteu·
1917 5235 2109 5297 corruptelae.

209 5325 434 5346 ..ι-Φ·-

247 5422 291 5488 18)
308 5421 379 5472 sicut
405 5415 567 5480 Afeoranus
581 5410 645 5480 eto]
672 5408 845 5466 Burcberdus
872 5409 973 5465 lineola
998 5404 1103 5468 notarit
1121 5405 1197 5477 qussi

281 5481 527 5570 praetermittenda.

1279 5301 1324 5366 20)
1341 5301 1407 5355 Per.
1418 5311 1517 5356 eontra
1529 5312 1659 5357 nestram
1672 5309 1904 5371 explicationem.
1978 5346 1981 5351 -

1268 5389 1325 5456 =21)
1344 5386 1407 5441 Per.
1417 5390 1593 5454 poenitentia
1606 5392 1778 5447 doctrinam.

1160 5522 1165 5533 ,
1280 5471 1326 5538 22)
1344 5470 1719 5540 ructum1Pechomtnum.
