4868 6420
68 331 145 405 873

72 501 150 574 Deo
176 504 397 576 commendo.
453 503 613 576 Salutem
637 520 721 598 opto
744 506 948 577 clarissimis
968 507 1066 591 viris,

72 604 222 676 domino
250 604 488 691 Cancellario,
519 609 666 677 domino
691 602 890 703 Gregorio,
918 610 1064 678 domino

70 702 237 787 Seruilio,
262 720 305 804 et
321 707 399 776 aliis
414 709 546 784 amicis.
597 707 836 804 Typographo
862 736 925 803 pro
948 734 1064 780 exem-

69 810 140 901 plis
155 809 322 892 satisfeci,
343 834 433 902 quae
449 812 544 882 dono
561 812 644 882 filiis
659 815 793 888 vestris.
828 812 925 884 Bene
941 814 1063 886 valete.

70 908 140 981 Dic
160 913 220 984 21.
240 907 421 984 Octobris.

68 1236 136 1307 No.
153 1234 265 1309 3296.

74 1331 247 1361 w

947 1247 996 1328 (a.
1011 1248 1051 1329 t·)

935 1341 1063 1366 Μ’

343 1440 493 1526 Ιοαοίι.
526 1436 787 1527 Camerario.

137 1593 221 1667 Epist.
240 1595 274 1650 ad
293 1595 431 1654 Gamerae.
448 1619 475 1672 p.
497 1600 548 1655 535
557 1619 597 1673 sq.
612 1600 667 1669 (ed.
688 1602 779 1659 Lond.
800 1601 848 1655 lV.
867 1619 909 1671 ep.
928 1599 1014 1668 684.).

85 1744 311 1826 Clarissimo
351 1755 428 1826 ciro
469 1754 671 1830 eruditione
711 1768 742 1829 et
777 1759 906 1829 virtute
936 1781 1048 1856 prae-

98 1855 220 1925 stanti
249 1855 276 1926 I
283 1854 496 1928 oochimn
529 1850 651 1936 Cam.
684 1846 778 1932 Pob.
813 1858 933 1930 amico
965 1885 1032 1929 suo

131 1978 134 1984 ’
498 1986 627 2037 conss,

68 2070 113 2159 S.
141 2089 186 2164 D.
238 2090 428 2162 Aelianum
449 2095 517 2162 tibi
533 2089 758 2164 Franciscos
774 2091 972 2180 exhibebit,
999 2095 1062 2163 etsi

70 2195 167 2262 enim
189 2195 263 2285 ipse
281 2195 453 2263 allaturus
477 2221 571 2264 mam
594 2196 701 2290 (Nam
718 2201 761 2266 ad
784 2199 979 2289 principem
994 2192 1063 2266 As-

71 2296 213 2363 canium
234 2318 314 2364 cum
340 2290 509 2384 Paulo*)
533 2300 754 2389 expatiahor,
788 2324 936 2392 sumque
959 2321 1062 2388 roga-

71 2410 150 2480 tus,
177 2411 210 2467 te
235 2411 275 2466 ut
295 2422 366 2470 una
392 2395 624 2492 adducamus)
650 2414 767 2469 tamen
793 2396 963 2491 quiahoc
984 2402 1061 2478 iter,

69 2500 156 2568 dum
177 2497 341 2567 Prussiae
363 2496 498 2568 Ducem
520 2515 757 2591 expectamus,
790 2503 972 2587 differtur,
1004 2503 1061 2569 in-

70 2612 163 2670 terea
188 2612 224 2669 te
244 2601 408 2668 fraudare
430 2596 538 2670 huius
559 2603 720 2671 lectionis
744 2605 923 2694 voluptate
947 2604 1060 2674 nolui.

72 2699 288 2793 Quanquam
305 2703 418 2786 dices,
443 2703 507 2771 uhi
528 2703 718 2789 evolveris,
744 2704 784 2776 ἐκ
799 2708 947 2776 πολλῶν
968 2696 1060 2796 ἀχύ-

70 2828 150 2896 ρων
173 2798 300 2901 ὀλίγον
322 2798 467 2896 καρπὸν
492 2804 742 2898 συναχθῆναι.
800 2803 908 2877 Mitto
933 2821 1061 2890 tamen,

69 2917 112 2973 ut
133 2905 200 2972 tibi
224 2920 361 2992 gratum
384 2905 527 2989 faciam,
558 2908 614 2975 cni
639 2920 731 2976 certe
753 2930 827 2976 non
849 2922 921 2977 tam
945 2902 1060 3002 pompei

69 2998 382 3101 φιλοφρονήματα
399 3021 576 3098 praestare
598 3032 772 3097 cuperem.
814 3006 868 3077 De
883 3005 1059 3087 Archelao

68 3121 207 3198 praeter
222 3105 405 3175 Platonica
420 3122 453 3178 et
468 3103 698 3202 Thucydidea
713 3107 808 3178 nihil
829 3112 965 3201 reperi,
991 3111 1060 3179 nisi

68 3211 158 3279 duas
179 3209 407 3278 sententiolas
429 3204 650 3295 Aristotelis,
684 3211 745 3303 qui
772 3211 848 3281 cius
872 3213 910 3279 in
934 3213 1059 3304 quinto

70 3313 268 3381 πολιτικῶν
303 3324 336 3379 et
376 3313 419 3379 de
454 3307 725 3381 Melancholicis
758 3313 797 3380 iu
833 3315 1060 3403 problematis

68 3413 288 3481 mentionem
311 3413 403 3481 facit.
454 3411 514 3479 Sic
529 3415 572 3480 de
587 3437 627 3481 eo
651 3414 867 3506 loquuntur,
893 3432 933 3486 ut
948 3416 1061 3483 videri

69 3515 200 3596 velint,
229 3511 364 3601 Regem
394 3511 502 3581 fuisse
530 3515 796 3610 antecellentem
820 3519 1060 3607 superioribus

69 3637 131 3684 seu
147 3614 315 3703 potentia,
338 3637 399 3682 seu
414 3614 612 3703 splendore.
645 3615 715 3687 Sed
732 3618 938 3689 sceleratum
954 3619 1060 3687 fuisse

71 3728 216 3785 constat.

172 3843 385 3938 Lycaoniam
410 3839 595 3914 historiam
619 3846 780 3935 legimus.
836 3846 915 3918 Etsi
943 3865 1059 3921 autern

68 3947 228 4017 fortassis
243 3947 354 4040 aliqui
375 3941 620 4042 μεμψίμοιροι
639 3953 812 4041 quaedam
827 3950 866 4019 in
889 3953 974 4023 actis
993 3979 1059 4022 no-

69 4063 224 4119 strorum
246 4045 387 4117 Ducum
413 4044 693 4140 reprehendent,
726 4065 845 4120 tamen
870 4076 933 4142 ego
957 4079 1060 4144 prae-

70 4151 190 4220 sertim
207 4163 285 4239 post
299 4150 431 4218 factum
448 4146 541 4219 nihil
558 4151 756 4243 disputabo.
814 4151 905 4243 Regi
921 4171 1059 4225 nostra-

69 4277 150 4322 rum
175 4248 413 4321 Ecclesiarum
439 4266 473 4320 et
495 4251 700 4341 politiarum
719 4254 873 4343 pericula
888 4257 1059 4328 divinitus

70 4377 144 4422 non
160 4355 306 4433 dubito,
333 4346 564 4421 etiamsinon
581 4376 719 4444 semper
735 4379 814 4423 cum
832 4358 963 4427 nostris
981 4361 1059 4451 opi-

70 4455 240 4525 nionibus
258 4456 534 4544 gubernatorum
551 4455 696 4523 consilia
712 4472 918 4545 congruant.
952 4457 1059 4529 Hunc

69 4557 180 4646 igitur
202 4571 365 4625 eventum
388 4579 465 4623 non
488 4568 617 4625 tetrum
638 4554 744 4648 Reip.
766 4560 1000 4646 gratulemur,
1026 4576 1061 4631 et

69 4656 187 4729 Deum
204 4673 385 4727 aeternum
401 4671 536 4748 patrem
551 4657 689 4725 domini
702 4660 816 4727 nostri
830 4657 909 4730 lesu
926 4657 1058 4732 Christi

71 4783 231 4838 oremus,
257 4773 297 4828 ut
321 4754 449 4827 harum
479 4757 665 4847 regionum
688 4757 881 4845 Ecclesias,
906 4763 1060 4854 politias,

68 4862 268 4952 principes,
296 4862 475 4944 doctores,
501 4857 638 4929 scholas
657 4874 691 4931 et
713 4862 938 4952 disciplinam
961 4878 1059 4934 tuea-

70 4976 141 5033 tur.
191 4961 289 5030 Bene
305 4975 339 5030 et
352 4962 501 5031 feliciter
517 4962 595 5030 vale
611 4986 692 5032 cum
710 4959 895 5034 honestiss.
911 4968 1059 5056 coniuge

71 5076 106 5134 ct
123 5064 266 5134 dulciss.
281 5063 413 5135 liberis.

610 5262 613 5267 .
626 5174 814 5273 Philippus
833 5181 1009 5260 Melanth.

67 5354 264 5368 m

648 328 1090 409 EPISTOLARUM
1147 329 1350 409 LlB.lX.
1402 329 1533 413 1545.

1124 507 1190 582 No.
1209 506 1321 582 3297.

1120 609 1332 644 Μ
1453 704 1506 795 V.
1542 704 1772 790 Τίιοοιίονο.

1177 883 1263 1008 Epdlh
1279 882 1433 1026 lilbqvgkp.
1446 880 1499 938 490
1512 903 1552 957 sq.
1570 915 1606 927 -
1630 883 1683 938 llic
1697 902 1727 936 ex
1743 882 1910 956 autographo
1923 883 1952 937 in
1967 883 2103 939 ωιλΜο-

1109 1107 1163 1181 D.
1191 1106 1237 1185 V
1242 1108 1304 1181 ito
1322 1105 1585 1191 Theodoro,
1613 1105 1756 1182 docenti
1767 1106 1953 1206 Evangel.
1970 1108 2010 1180 in
2024 1103 2083 1181 Εο

1441 1210 1552 1283 clesia
1574 1208 1771 1308 Noriberg.
2080 1242 2081 1245 ¹

1109 1325 1155 1415 S·
1181 1341 1227 1423 D.
1279 1345 1464 1437 Sapientes
1481 1349 1614 1442 ubique
1637 1349 1675 1418 in
1693 1362 1765 1420 tota
1787 1347 1980 1419 Germania
1997 1349 2102 1417 credo

1027 1517 1029 1523 s
1110 1462 1227 1517 mente
1243 1462 1277 1517 et
1291 1451 1401 1519 oculis
1420 1451 1551 1519 intueri
1566 1476 1661 1520 nnnc
1677 1451 1879 1536 saxoniam,
1904 1464 1939 1521 et
1955 1453 1999 1519 de
2015 1449 2103 1520 belli

1112 1543 1208 1619 exitu
1227 1550 1323 1618 varie
1338 1552 1432 1641 angi.
1466 1551 1596 1642 Populi
1612 1577 1773 1622 rumores
1789 1554 1852 1647 qui
1868 1555 1957 1632 sint,
1980 1551 2101 1620 inlini-

1111 1665 1186 1722 tum
1201 1665 1289 1721 esset
1304 1677 1460 1726 narrare.
1511 1651 1588 1722 Etsi
1606 1668 1721 1723 autem
1745 1678 1847 1748 spero
1864 1653 1979 1723 Deum
1997 1655 2102 1725 datu-

1109 1778 1190 1823 rum
1215 1778 1288 1823 esse
1312 1755 1486 1844 placidam
1508 1752 1792 1850 καταστροφὴν,
1819 1771 1936 1826 tamen
1956 1780 2099 1850 quoquo

1111 1879 1165 1924 res
1180 1858 1279 1924 cadet
1293 1849 1451 1952 μεγάλαι
1470 1854 1676 1950 μεταβολαὶ
1690 1855 1848 1931 ἔσονται.
1897 1856 2100 1946 Pugnemus

1111 1958 1219 2045 igitur
1236 1958 1280 2025 iis
1294 1959 1419 2042 armis,
1444 1983 1533 2051 quae
1551 1959 1654 2027 nobis
1672 1960 1843 2029 divinitus
1861 1960 1989 2028 tradita
2003 1971 2099 2043 sunt,

1111 2059 1146 2126 id
1173 2073 1243 2144 est,
1265 2060 1501 2151 ‘invocatione
1521 2051 1588 2127 Dei
1611 2074 1644 2128 et
1665 2061 1792 2131 fiducia
1813 2059 1879 2129 filii
1903 2058 1982 2129 lesu
2003 2060 2099 2154 Χρι-

1110 2164 1219 2244 στοῦ,
1242 2175 1276 2231 et
1296 2185 1436 2230 oremus
1453 2187 1532 2230 cum
1554 2162 1649 2230 filius
1670 2163 1716 2232 sit
1728 2155 1835 2262 λόγος
1841 2214 1853 2246 ,
1879 2186 1924 2231 ne
1948 2155 2100 2259 λογικὴν

1110 2258 1299 2356 λατρείαν,
1332 2263 1373 2329 id
1401 2277 1472 2346 est,
1505 2287 1609 2331 verae
1633 2260 1811 2332 Ecclesiae
1836 2265 2035 2332 doctrinam
2065 2275 2099 2333 et
2204 2285 2210 2291 ·

1109 2389 1191 2432 vera
1209 2366 1322 2432 officia
1338 2363 1420 2458 θεῷ
1437 2356 1635 2457 εὐάρεστα,
1660 2366 1770 2433 deleri
1787 2365 1890 2436 sinat.

1209 2464 1330 2534 Tuum
1355 2466 1523 2556 scriptum
1547 2466 1637 2554 legi,
1671 2492 1741 2559 quo
1767 2466 1952 2534 confirmas
1974 2459 2098 2533 Eccle-

1109 2567 1196 2634 siam
1221 2589 1295 2634 non
1321 2568 1434 2635 solum
1461 2567 1498 2635 in
1517 2562 1676 2656 Augusta
1695 2567 1885 2651 Tiberina,
1906 2568 1968 2635 sed
1992 2564 2097 2633 etiam

1110 2668 1207 2737 alibi.
1258 2665 1404 2756 Pugnax
1428 2683 1479 2762 est
1500 2670 1632 2753 oratio,
1666 2692 1728 2757 ego
1752 2670 1968 2759 scripsissem
1990 2661 2099 2740 doda-

1109 2762 1263 2839 σκαλικὰ
1278 2767 1460 2860 placidius.
1509 2767 1563 2838 De
1578 2771 1802 2839 invocatione
1820 2769 1859 2840 ἐν
1874 2773 1920 2861 τῇ
1935 2773 2098 2861 λειτουρ-

1107 2865 1172 2966 γίᾳ
1194 2865 1404 2964 μυστηρίου
1427 2883 1547 2939 metuo
1570 2893 1753 2940 censuram
1774 2886 1917 2941 tuorum
1935 2866 2098 2958 Collega-

1109 2996 1199 3040 rum.
1230 2970 1374 3040 Caetera
1389 2973 1471 3041 satis
1486 2971 1684 3040 luculenter
1697 2973 1827 3064 scripta
1844 2984 1936 3055 sunt,
1958 2964 2098 3039 etmihi

1107 3073 1256 3163 placent.
1308 3070 1378 3141 Sed
1403 3073 1547 3142 brevius
1567 3071 1730 3142 dixissem
1754 3069 1838 3169 περὶ
1867 3065 2096 3164 ἐπικλήσεως,

1108 3175 1143 3240 id
1164 3187 1233 3256 est,
1257 3187 1396 3242 tantum
1412 3175 1665 3265 improbassem
1683 3176 1884 3245 universam
1910 3170 2096 3264 ἐπίκλησιν

1107 3268 1314 3367 μυστηρίου
1330 3273 1397 3355 ἔξω
1413 3280 1477 3367 τῆς
1488 3268 1654 3369 χρήσεως
1672 3273 1895 3373 τεταγμένης
1917 3275 1957 3346 ἐν
1979 3268 2096 3367 (iripo-

1109 3397 1169 3448 σιν
1183 3373 1416 3474 εὐανμελίου,
1439 3379 1547 3470 idque
1561 3379 1715 3447 breviter
1730 3378 1937 3447 indicassem
1954 3390 2097 3469 propter

1108 3478 1325 3546 calumniosa
1343 3478 1485 3549 iudicia.
1538 3479 1608 3549 Sed
1630 3474 1734 3565 haec,
1759 3494 1799 3550 ut
1820 3504 1939 3571 spero,
1965 3502 2095 3547 coram.

1107 3577 1221 3648 Deum
1243 3604 1325 3663 oro,
1356 3594 1396 3649 ut
1417 3580 1504 3649 belli
1528 3582 1640 3650 exitus
1663 3582 1709 3651 sit
1737 3583 1898 3652 salutaris
1918 3579 2096 3650 Ecclesiae

1107 3678 1185 3751 Dei.
1220 3679 1354 3771 Scripsi
1369 3679 1526 3750 Domino
1541 3680 1787 3776 Hieronymo,
1812 3695 1984 3776 quantum
2000 3704 2096 3750 nunc

1107 3782 1314 3854 sciebamus.
1365 3781 1463 3853 Bene
1478 3785 1567 3855 vale.
1619 3783 1687 3853 Die
1703 3788 1765 3858 92.
1782 3775 2009 3877 Οιιολιτίε*).
2032 3841 2044 3849 .

1645 3897 1801 3993 Philipp.
1818 3895 2045 3974 Melanthon.

2083 4226 2087 4233 a

1917 4266 1994 4346 (28.
2008 4266 2097 4351 Ost.)

1928 4359 2090 4383 m

1105 4255 1171 4325 No.
1189 4255 1301 4330 3298.

1114 4351 1287 4380 Μ

1516 4457 1686 4545 Eidem.

1173 4621 1260 4696 Epist.
1279 4623 1327 4678 lib.
1342 4597 1389 4682 l'l.
1409 4644 1437 4694 p.
1449 4626 1499 4682 491
1517 4647 1559 4701 sq.
1582 4660 1619 4675 -
1659 4630 1710 4686 llic
1731 4651 1761 4686 ex
1779 4644 1885 4705 autogr.
1905 4635 1932 4688 in
1951 4635 2013 4691 cod.
2028 4636 2097 4691 Μο-

1208 4712 1270 4748 nac.
1288 4693 1310 4747 l.
1329 4714 1357 4766 p.
1368 4694 1429 4752 62³.
2162 4731 2167 4746 ι

1106 4843 1161 4921 D.
1193 4843 1232 4920 V
1240 4847 1303 4918 ito
1328 4844 1593 4938 Theodoro,
1621 4849 1763 4927 docenti
1783 4854 1935 4954 anng.
1961 4857 2000 4929 in
2020 4856 2096 4932 Ec-

1439 4951 1549 5023 clesia
1568 4950 1766 5053 Noriberg.

1106 5059 1152 5150 S.
1176 5076 1221 5148 Ι).
1272 5078 1364 5150 Cum
1379 5077 1456 5151 heri
1473 5086 1591 5155 literas
1606 5090 1739 5158 nuncio
1755 5091 1895 5161 abituro
1912 5092 2097 5177 dedissem,
2323 5181 2327 5186 ¹

1107 5194 1225 5271 postea
1242 5182 1342 5252 venit
1362 5185 1582 5273 adolescens,
1608 5190 1672 5282 qui
1696 5205 1773 5261 tuas
1795 5193 1932 5279 attulit,
1956 5193 1995 5263 in
2016 5193 2097 5287 qui·
2152 5254 2157 5277 ,
2211 5205 2214 5208 ’

1108 5374 1331 5388 „-

1142 5491 1170 5560 *)
1190 5490 1248 5545 Alia
1269 5510 1366 5546 manus
1384 5492 1527 5567 adscripsit
1544 5516 1608 5552 anu.
1628 5499 1705 5556 1545.
