4868 6420
192 304 270 382 ser
694 315 696 320 ·
765 242 1204 421 urrsromnuu
1260 310 1369 391 uns.
1406 311 1472 391 1x.
1523 313 1660 396 caea
2166 323 2244 398 aas

194 492 267 551 tem
282 476 415 571 patriae
430 501 505 549 non
522 489 662 549 mutum
683 472 903 563 hocsolum,
929 481 1024 573 quod
1042 505 1191 552 nascen·
1287 477 1478 563 Pseudacro
1498 480 1695 551 λεύσσουσιν·
1720 481 1737 553 ὅ
1763 485 1799 551 d’
1819 483 1862 579 ’ᾆσ
1887 487 1985 566 ottae
2004 485 2144 577 ἀγορεύει

194 595 246 650 tes
276 580 429 671 excepit,
462 592 524 649 aut
548 575 635 649 hacc
660 579 838 670 tuguriola
861 581 1125 671 intelligantur,
1150 583 1190 652 in
1282 569 1385 632 Atdot
1406 569 1558 661 assuete,
1578 570 1657 651 dmi
1678 570 1713 636 δὲ
1730 571 1836 657 ”Olafi
1857 575 2083 660 “lewaw-

194 681 325 776 quibus
347 704 475 770 magno
498 683 621 751 dolore
646 696 799 752 matrum
820 684 998 773 vagientes
1021 685 1106 756 editi
1128 708 1190 755 su·
1476 734 1483 747 ι
1802 717 1805 722 ·
1952 706 2200 779 (Odyu.o.,170.)

194 808 292 854 mus:
328 784 389 852 scd
412 783 519 853 simul
544 785 819 875 complectamur
842 809 958 869 sacra,
983 786 1095 875 leges,
1122 782 1190 857 ho-

193 899 292 955 nesta
314 885 495 970 instituta,
528 881 677 960 scholas.
736 883 828 955 Nam
854 881 910 955 his
934 888 1040 958 rebus
1060 889 1189 958 educa·
1240 883 1425 974 Quantum
1450 887 1558 973 decus
1579 900 1648 972 est,
1674 887 1714 957 in
1738 911 1867 980 magno
1883 891 2033 962 consilio
2060 895 2107 964 ab
2125 896 2234 967 unius

193 987 347 1071 tionem,
374 987 592 1073 doctrinam,
619 987 761 1057 virtutis
784 989 1005 1059 intellectum
1029 1004 1062 1061 et
1087 990 1189 1081 agni·
1239 987 1309 1057 viri
1333 1011 1393 1058 ore
1415 1001 1546 1057 ceteros
1569 992 1740 1082 pendere,
1767 993 1960 1084 etquidem
1983 995 2124 1077 laetari,
2151 1019 2233 1068 cum

193 1089 328 1159 tionem
344 1086 412 1158 Dei
437 1090 618 1163 debemus.
667 1086 871 1161 Haecbona
894 1091 1188 1162 cumsintmaio·
1242 1090 1300 1157 ille
1328 1091 1372 1157 ad
1402 1090 1593 1159 dicendum
1623 1086 1751 1181 surgit;
1788 1107 1973 1186 propterea
2002 1099 2097 1188 quod
2129 1120 2232 1190 saepe

192 1215 252 1277 ra,
278 1214 384 1283 quam
406 1190 481 1281 ipsa
503 1191 597 1276 vita,
630 1203 665 1261 et
687 1215 761 1260 non
785 1193 900 1262 solum
924 1206 1043 1262 nostra
1067 1218 1187 1264 caussa
1239 1191 1278 1258 in
1302 1214 1427 1279 magna
1453 1192 1689 1282 trepidatione
1720 1193 1871 1264 salutare
1893 1197 2081 1268 consilium
2107 1212 2142 1268 et
2165 1201 2241 1270 ob-,

193 1296 326 1365 tuenda
348 1293 435 1371 sint,
470 1294 530 1361 sed
551 1293 657 1363 etiam
680 1308 824 1384 propter
844 1294 1100 1384 posteritatem,
1134 1297 1188 1365 fa·
1239 1315 1359 1361 scurae
1377 1292 1528 1361 alicuius
1541 1293 1592 1361 rei
1607 1318 1647 1362 ac
1663 1284 1792 1365 dubiae
1807 1298 1991 1388 explicatio
2007 1303 2246 1391 expectaturi

193 1395 261 1465 cile
285 1394 436 1483 intelligi
459 1407 595 1485 potest,
628 1398 921 1485 propugnandam
944 1414 1016 1465 esse
1036 1397 1187 1489 patriam
1239 1391 1336 1482 Quid
1354 1407 1405 1463 est
1429 1394 1638 1486 optabilius,
1664 1405 1771 1489 qua'nt
1787 1411 1829 1469 ut
1850 1399 1987 1471 civibus
2002 1401 2072 1471 tuis
2089 1414 2149 1472 tua
2162 1429 2232 1473 vox

191 1497 284 1567 benc
304 1509 478 1565 moratam
501 1508 536 1565 et
558 1496 726 1566 omnibns
750 1496 896 1581 officiis,
919 1510 1086 1590 tanquam
1110 1522 1187 1568 ma·
1238 1496 1284 1566 sit
1305 1496 1489 1581 salutaris,
1523 1512 1557 1566 et
1584 1497 1655 1565 illis
1679 1499 1718 1565 in
1739 1501 1923 1570 communi
1945 1490 2230 1575 consternatione

192 1614 304 1683 trem,
327 1599 526 1673 fovendam.
583 1595 679 1667 Haec
695 1622 776 1667 cum
791 1594 1037 1669 honestissime
1052 1600 1187 1690 gravis-
1237 1610 1319 1666 tuus
1345 1612 1550 1689 conspectus
1570 1621 1672 1669 curas
1686 1603 1805 1672 demat
1827 1615 1863 1673 et
1881 1603 1975 1673 levet
1992 1605 2231 1677 moestitiam?

193 1701 352 1792 simeqne
370 1694 429 1768 hic
448 1699 630 1784 dicantur,
654 1722 717 1789 ego
732 1700 879 1793 quidem
891 1703 1055 1792 prodesse
1075 1703 1186 1771 mori·
1236 1696 1376 1768 Deinde
1393 1701 1622 1790 sapientiam,
1645 1701 1853 1792 gravitatem
1877 1718 1913 1776 et
1928 1707 2136 1776 suavitatem
2151 1733 2230 1779 ma-

192 1802 264 1871 bus
293 1797 420 1870 harum
455 1802 611 1890 ipsarum
650 1826 770 1872 rerum
802 1804 1186 1889 commemorationem,
1237 1823 1341 1889 gnam
1365 1796 1514 1871 Oratori
1537 1803 1682 1889 tribuit,
1707 1828 1788 1874 cum
1809 1804 1859 1875 ait
1882 1830 1963 1875 eum
1980 1808 2229 1899 circumspecte

193 1927 283 1998 quae
305 1903 344 1971 in
363 1899 429 1971 hac
446 1903 606 1972 oratione
623 1904 859 1993 colliguntur,
886 1905 1016 1979 iudico.
1068 1906 1137 1977 Sed
1156 1907 1185 1974 si
1237 1917 1330 1973 certa
1355 1906 1526 1999 quaedam
1555 1905 1682 1980 dicere.
1740 1907 1781 1974 Id
1805 1919 1857 1995 est
1879 1908 1975 1977 enim
1999 1909 2227 2000 intelligentis

192 2005 258 2098 qui
289 2018 389 2089 sunt,
422 2005 484 2097 qui
507 2029 625 2074 rerum
649 2007 849 2074 doctrinam
873 2019 1011 2088 tantum
1035 2031 1077 2076 ex
1106 2008 1184 2076 aliis
1236 2004 1459 2093 negotiorum
1475 2006 1591 2075 fontes
1603 2021 1638 2076 et
1652 2021 1745 2095 recte
1762 2007 1969 2080 iudicantis:
1995 2025 2030 2081 et
2046 2011 2152 2081 simul
2170 2037 2228 2083 re·

192 2107 354 2177 fontibus
374 2108 447 2198 peti
472 2107 617 2190 volunt,
644 2102 684 2175 hi
712 2121 830 2177 tamen
852 2132 925 2177 non
958 2105 1183 2200 prohibeant,
1236 2106 1429 2176 versutiam
1439 2102 2013 2201 Oratoricircumdatetgratiam:
2032 2107 2226 2183 haecenim

193 2232 265 2302 quo
287 2208 406 2276 minus
430 2203 514 2277 haec
538 2209 666 2300 scripta
690 2209 854 2278 iuventus
868 2225 1012 2302 propter
1024 2212 1184 2300 linguam
1234 2208 1364 2278 multas
1393 2209 1541 2280 virtutes
1571 2211 1865 2302 complectuntur.
1929 2208 2044 2284 Audit
2075 2213 2225 2286 Senatus

193 2325 229 2381 et
252 2310 423 2381 orationis
445 2310 597 2378 formam
620 2312 723 2401 legat.
774 2308 877 2381 Certe
894 2337 982 2403 opus
1002 2312 1183 2384 estGrae-
1234 2306 1420 2380 Romanus
1454 2334 1534 2380 vcra
1571 2312 1784 2383 animorumx
1806 2315 2003 2386 reverentia
2041 2313 2223 2403 Laelium3

193 2437 254 2484 cae
276 2413 416 2503 linguae
432 2413 634 2501 cognitione
658 2428 692 2483 et
710 2414 754 2482 ad
772 2413 1037 2503 intelligendam
1061 2440 1101 2485 ac
1123 2440 1183 2484 ex·
1234 2436 1308 2480 non
1333 2409 1433 2482 audit
1453 2413 1562 2482 simili
1585 2414 1704 2483 studio
1723 2410 1935 2500 Catilinam,
1961 2416 2044 2510 quia
2070 2419 2225 2508 dignita·

191 2515 395 2608 plicandam
414 2515 597 2585 coelestem
610 2515 808 2585 doctrinam
824 2528 858 2586 et
879 2519 924 2584 ad
941 2517 1183 2608 percipiendas
1234 2527 1304 2583 tem
1319 2509 1465 2583 Oratori
1479 2515 1571 2585 vitae
1586 2515 1738 2604 gravitas
1754 2530 1789 2588 et
1802 2517 1972 2589 modestia
1986 2519 2026 2587 in
2040 2520 2177 2590 actione
2190 2535 2226 2593 et

192 2618 280 2687 alias
302 2632 394 2689 artes
418 2617 510 2685 vitae
537 2617 758 2689 necessarias.
815 2615 955 2688 Deinde
976 2619 1067 2688 ratio
1090 2633 1182 2690 recte
1234 2615 1273 2689 in
1287 2639 1449 2686 sermone
1464 2618 1627 2709 addicat,
1666 2614 1745 2687 Etsi
1763 2631 1879 2689 autem
1897 2632 2011 2689 totum
2035 2615 2225 2694 hocdecus

191 2719 338 2790 dicendi
360 2719 436 2788 sine
458 2719 564 2788 bonis
583 2719 750 2809 exemplis
772 2736 806 2791 et
821 2720 898 2788 sine
911 2729 995 2791 'cura
1012 2720 1183 2793 imitatio·
1233 2718 1454 2810 conspectius
1480 2733 1533 2788 est
1556 2718 1597 2786 in
1627 2720 1878 2790 excellentibus
1904 2716 2137 2809 Oratoribus,
2170 2739 2225 2795 ta-

192 2822 251 2891 nis
279 2822 369 2892 disci
390 2845 464 2890 non
483 2835 607 2913 potest.
666 2820 706 2892 Si
728 2822 807 2915 quis
834 2838 952 2894 autem
977 2823 1182 2911 arbitratur,
1232 2844 1316 2889 men
1330 2821 1436 2889 etiam
1449 2818 1637 2889 mediocris
1649 2823 2074 2894 senatoretconcionator
2090 2825 2128 2895 in
2143 2851 2225 2917 par-2

191 2919 286 2994 nihil
303 2925 452 3008 referre,
478 2946 691 3017 quocunque
704 2926 810 2993 modo
827 2947 882 2993 res
904 2947 1050 3014 magnae
1071 2926 1183 3016 expli·
1218 2944 1277 2991 vvo
1306 2935 1410 2992 coetu
1438 2915 1690 3005 consiliumet
1723 2924 1912 2995 salutarem
1942 2926 2154 2996 sententiam
2182 2928 2222 2998 in

192 3039 335 3107 centur,
358 3050 397 3095 ac
411 3026 569 3095 sulficere
585 3047 666 3095 eum
682 3048 831 3109 sonum,
854 3049 958 3119 quem
974 3026 1102 3119 cuique
1118 3051 1183 3096 na·
1233 3025 1339 3094 rebus
1355 3023 1475 3093 dubiis
1484 3024 1672 3094 ostendens
1688 3037 1722 3094 et
1737 3026 1899 3116 diligitur
1912 3040 1946 3095 et
1961 3027 2101 3102 colitur.
2124 3026 2222 3100 Haec
2337 3017 2355 3097 .’

191 3143 272 3201 tura
288 3128 470 3210 attribuit,
494 3140 555 3197 aut
570 3127 785 3196 ineruditam
807 3128 979 3221 loquendi
993 3142 1182 3198 consuetu·
1232 3126 1327 3206 bona
1344 3126 1542 3196 consideret
1554 3125 1722 3195 iuventus
1736 3151 1841 3222 seque
1855 3129 1998 3219 optimis
2014 3131 2149 3200 artibus
2163 3133 2222 3200 in·

192 3220 333 3311 dinem,
359 3253 422 3298 seu
443 3228 582 3327 ἄλογον
603 3223 758 3321 τρίβην,
792 3242 832 3298 ut
853 3230 957 3298 multi
980 3246 1181 3318 arrogantes
1232 3240 1361 3311 struat,
1387 3241 1428 3297 ut
1452 3229 1537 3296 olim
1564 3226 1603 3294 in
1628 3228 1756 3299 dandis
1771 3230 1930 3298 consiliis
1948 3230 2035 3300 etin
2050 3233 2223 3319 docendo,

192 3333 388 3416 somniant,
404 3326 461 3415 hi,
476 3348 517 3402 ut
531 3326 624 3400 nibil
642 3331 757 3398 dicam
771 3331 939 3420 asperius,
952 3343 984 3400 et
1001 3355 1037 3399 se
1052 3332 1183 3402 fallunt
1231 3328 1270 3396 in
1286 3325 1443 3397 Ecclesia
1465 3343 1526 3398 aut
1544 3329 1583 3398 in
1598 3325 1730 3415 Curia,
1753 3331 1886 3402 dicturi
1908 3333 2042 3423 patriae
2055 3336 2222 3424 prodesse

192 3436 278 3527 ipsi,
303 3448 339 3504 et
356 3433 439 3526 quia
453 3434 645 3502 multorum
662 3433 776 3501 studia
793 3432 1075 3520 langucfaciunt,
1099 3434 1180 3502 uni·
1232 3430 1380 3519 possint.
1430 3427 1610 3520 Legantur
1622 3431 1730 3520 igitur
1743 3446 1903 3503 veterum
1915 3434 2112 3519 orationes,
2133 3424 2222 3531 quae

192 3558 313 3605 versae
335 3535 430 3604 vitae
449 3548 587 3606 nocent.
638 3530 811 3621 Magnum
834 3535 982 3604 omnino
1005 3534 1111 3603 decus
1131 3549 1183 3605 est
1232 3545 1265 3601 et
1281 3555 1399 3600 rerum
1417 3532 1600 3601 scientiam
1614 3531 1732 3618 alunt,
1756 3547 1790 3604 ct
1804 3548 1896 3605 recte
1911 3536 2053 3604 dicendi
2069 3538 2163 3604 viam
2182 3562 2223 3607 ac

191 3637 396 3731 eloquentia
410 3637 556 3705 uberior
578 3647 613 3704 ct
629 3635 870 3723 splendidior,
896 3659 985 3729 qnae
1000 3660 1054 3705 res
1070 3636 1182 3706 bonas
1232 3633 1405 3702 rationem
1421 3636 1624 3704 ostendunt.
1675 3631 1776 3703 Nihil
1794 3636 1865 3704 iam
1880 3638 1926 3706 de
1941 3637 2021 3705 aliis
2038 3638 2221 3729 scriptori,

194 3764 270 3807 non
291 3739 404 3807 solum
422 3751 513 3807 recte
527 3751 561 3806 et
578 3737 761 3828 perspicue
777 3761 967 3828 exponere,
1000 3740 1061 3806 sed
1077 3740 1182 3808 etiarn
1231 3734 1437 3806 busdicam.
1489 3732 1532 3802 In
1548 3728 1604 3801 his
1620 3734 1705 3827 ipsis
1723 3737 1868 3827 pagellis
1884 3735 2038 3831 Lycurgi
2054 3737 2150 3810 videt
2170 3741 2221 3831 le·

190 3863 338 3930 augere,
363 3839 522 3908 attollere
545 3852 578 3907 ct
601 3861 727 3906 ornare
753 3852 884 3927 potest,
910 3839 1025 3932 qualis
1041 3840 1096 3908 vel
1115 3840 1183 3910 Pe·
1230 3851 1325 3916 ctor,
1358 3860 1464 3932 quam
1486 3837 1636 3905 formam
1658 3838 1830 3907 orationis
1853 3839 2109 3928 elegantissima
2133 3841 2222 3911 civia

191 3931 298 4032 riclea
313 3942 387 4026 vis,
405 3942 461 4009 vel
477 3939 658 4009 Platonica
672 3940 730 4007 vel
746 3937 979 4010 Ciceroniana
992 3941 1071 4013 luit.
1111 3941 1181 4012 Sed
1231 3953 1283 4010 tas
1302 3936 1482 4011 amaverit.
1518 3936 1678 4006 Primum
1697 3964 1752 4008 res
1767 3942 1942 4010 concinno
1958 3941 2084 4011 ordine
2099 3943 2251 4021 distri·'

191 4068 255 4134 ego
274 4068 370 4112 nunc
386 4066 461 4111 non
476 4044 520 4110 de
533 4042 594 4110 illa
610 4041 812 4110 excellentia
831 4041 978 4134 loquor,
1004 4067 1093 4135 quae
1107 4045 1182 4113 sin-
1231 4044 1335 4111 butac
1367 4052 1466 4108 sunt:
1500 4052 1619 4130 postea
1650 4043 1849 4110 verecundo
1880 4064 2008 4131 genere
2035 4046 2220 4128 orationis,

191 4148 312 4238 gulare
327 4143 395 4214 Dei
408 4169 538 4219 munus
555 4158 605 4214 est
622 4157 657 4211 et
675 4145 793 4233 paucis
812 4144 998 4232 contingit.
1046 4141 1182 4214 Debac
1231 4141 1374 4232 proprio
1391 4164 1430 4209 ac
1445 4140 1548 4230 plane
1561 4142 1706 4223 melleo,
1732 4144 1876 4214 vestitae
1888 4157 1983 4218 sunt.
2034 4143 2142 4214 Nulla
2160 4171 2221 4237 pe·

191 4247 373 4319 communi
393 4247 556 4316 facultate
575 4259 688 4328 recte,
715 4245 857 4329 ordine,
883 4245 1083 4336 perspicue,
1108 4270 1182 4316 non
1231 4243 1373 4332 regrina
1404 4266 1490 4321 vox,
1532 4243 1651 4340 nullae
1678 4259 1898 4315 monstrosae
1931 4245 2081 4334 figurae,
2119 4248 2219 4318 nulla

195 4350 357 4440 sordide,
396 4372 471 4418 non
497 4348 592 4419 futili
625 4346 830 4436 garrulitate
859 4348 1011 4417 docendi
1043 4348 1182 4441 loquor.
1232 4345 1436 4432 confragosa
1461 4344 1669 4435 compositio
1691 4345 1823 4435 legenti
1846 4348 2033 4438 obstrepit:
2065 4350 2221 4443 denique

193 4450 272 4522 Hoc
292 4452 426 4542 ipsum,
453 4451 547 4543 quod
570 4449 712 4543 quidem
738 4471 926 4518 commune
945 4450 1066 4518 multis
1079 4463 1183 4541 puta-
1232 4470 1321 4541 quae
1348 4445 1392 4516 sit
1418 4445 1480 4513 illa
1506 4446 1623 4515 suavis
1650 4458 1684 4514 et
1711 4448 1860 4540 simplex
1891 4450 2005 4518 forma
2036 4451 2221 4535 orationis,

192 4569 273 4638 tur,
303 4568 421 4623 tamen
446 4566 479 4622 et
501 4551 647 4620 dillicile
671 4561 741 4634 est,
769 4563 803 4619 et
824 4550 902 4619 sine
913 4550 1042 4634 literis,
1069 4552 1184 4621 varie-
1232 4572 1337 4641 quam
1357 4546 1501 4638 proprie
1521 4560 1692 4617 vocarunt
1713 4546 1887 4633 Atticam,
1912 4549 1950 4619 in
1976 4546 2042 4621 boc
2058 4555 2219 4644 exeruplo

190 4671 263 4728 tate
295 4654 497 4737 doctrinae,
532 4653 749 4733 imitatione,
776 4652 1048 4735 assuefactione,
1080 4653 1184 4722 deni-
1232 4650 1382 4719 maxime
1412 4647 1566 4737 conspici
1593 4663 1715 4739 potest.
1770 4648 1820 4722 Ut
1843 4664 1960 4720 autem
1982 4655 2143 4722 videmus
2163 4655 2220 4745 pi·

191 4783 260 4851 que
274 4758 350 4825 sine
368 4758 561 4825 multarum
575 4756 702 4829 artium
723 4767 758 4822 et
774 4753 945 4823 virtutum
959 4752 1183 4844 copulatione
1231 4766 1344 4822 ctores
1368 4749 1611 4819 excellentium
1633 4750 1805 4821 artificum
1829 4776 1935 4842 opera
1959 4756 2003 4825 sit
2017 4757 2061 4823 ad
2075 4756 2220 4825 imitan-

191 4859 381 4945 elfici,non
405 4872 528 4949 potest.
578 4853 690 4927 Extat
701 4857 792 4946 apud
810 4852 1007 4930 Homerum
1024 4855 1181 4926 laudatio
1231 4857 1316 4953 dum
1339 4874 1553 4941 proponere:
1580 4850 1627 4920 ita
1648 4853 1803 4944 prolecto
1828 4877 1917 4943 opus
1936 4856 2220 4943 estqinforman-

191 4955 358 5031 Oratoris
380 4955 437 5029 his
464 4958 649 5036 versibus,
678 4957 961 5049 quosomnibus
979 4957 1183 5027 notissimos
1230 4957 1274 5023 da
1290 4953 1460 5027 oratione
1485 4952 1617 5022 intueri
1639 4954 1678 5023 in
1700 4957 1856 5046 exempla
1879 4979 2019 5037 eorum,
2044 4957 2106 5050 qui
2126 4973 2220 5029 recte

191 5075 229 5135 et
248 5062 542 5131 familiarissimos
565 5070 656 5142 esse,
682 5060 754 5126 imo
776 5058 900 5131 inlitos
923 5059 1084 5128 omnium
1104 5058 1183 5128 ani·
1229 5052 1371 5148 loquuti
1401 5067 1495 5122 sunt.
1552 5052 1644 5124 Cum
1663 5069 1781 5125 autem
1806 5057 1952 5139 scirem,
1982 5058 2049 5134 tibi
2071 5082 2218 5149 magnae

189 5165 260 5235 mis
275 5163 438 5254 optarim.
487 5161 570 5250 Non
584 5160 680 5232 enirn
701 5140 1023 5267 tantumnarrsgie,
1048 5173 1179 5254 quasue
1230 5155 1408 5248 voluptati
1424 5157 1500 5225 fore
1515 5149 1621 5225 huius
1638 5158 1811 5228 orationis
1824 5158 2011 5229 lectionem
2027 5173 2061 5230 et
2075 5177 2219 5252 propter

191 5267 240 5337 sit
262 5266 373 5355 gloria
397 5278 488 5333 recte
511 5263 678 5344 dicentis,
704 5248 885 5330 sedetiam
901 5277 1068 5346 monent,
1095 5261 1179 5355 quid
1231 5257 1405 5349 sermonis
1429 5257 1637 5346 elegantiam
1658 5282 1716 5342 ac,
1741 5273 1782 5329 ut
1803 5260 1852 5330 ita
1873 5261 2004 5344 dicam,
2029 5264 2218 5333 candorem

191 5368 232 5436 in
249 5391 410 5437 sermone
428 5369 596 5434 decentet
614 5363 836 5431 efficiendum
853 5363 913 5433 sit:
1231 5386 1306 5431 non
1331 5362 1507 5443 fucatum,
1539 5372 1572 5429 et
1597 5373 1739 5451 propter
1768 5385 1887 5432 rerum
1910 5362 2131 5452 gravitatem,
2164 5365 2220 5435 tui

199 5476 213 5487 ’
233 5451 428 5555 ἈλἎᾶᾸθέὸς
447 5472 579 5571 puppii
591 5451 825 5574 ptitts'prp‘piig
840 5474 870 5572 it
883 5475 927 5541 ’δὲ
942 5473 973 5554 't’
994 5474 1027 5552 te
1041 5459 1150 5571 ababa*
1230 5461 1389 5543 nominis
1417 5457 1573 5631 apppicio
1595 5485 1669 5531 earu
1693 5461 1802 5535 edidi.
1825 5544 1832 5553 ¹
1866 5461 2002 5555 Legens
2024 5478 2149 5536 autern,
2163 5466 2222 5541 in-
