4868 6420
281 356 358 434 tos
864 348 1304 430 urrsronanou
1353 350 1573 450 munt„
1601 354 1737 432 ιιιι.
2237 357 2314 435 ese

286 525 384 600 Haec
405 525 515 619 igitur
528 523 705 599 Ecclesiae
728 527 844 618 imago
866 528 1055 617 diligenter
1078 522 1137 595 hic
1157 525 1274 596 consi·
1325 526 1431 597 siam:
1457 527 1600 598 interim
1616 551 1720 608 vero,
1746 526 1811 598 etsi
1828 527 2029 618 ingentibus
2050 527 2230 600 aerumnis
2251 553 2313 599 ex·

287 631 444 701 deranda
461 644 530 715 est,
555 655 595 701 ac
611 630 796 722 praecipue
809 654 868 700 sex
882 630 951 700 loci
973 630 1013 698 in
1037 624 1094 700 his
1116 623 1275 698 historiis
1324 641 1507 715 creentur,
1533 644 1653 699 tamen
1667 630 1841 699 divinitus
1855 643 1891 700 et
1907 630 2048 700 delendi
2063 654 2099 700 se
2116 645 2150 702 et
2164 630 2312 701 liberari

287 752 425 825 semper
438 732 650 804 observandi
667 745 761 805 suut.

663 893 897 972 Locisex.

393 1029 544 1106 Primus
570 1049 620 1106 est
642 1037 805 1107 doctrina
828 1036 993 1122 Petrum,
1017 1050 1057 1107 ut
1078 1030 1276 1128 Prophetae

180 1162 185 1175 ⁸
289 1153 324 1212 et
338 1134 503 1230 Apostoli
518 1162 558 1207 ex
575 1133 631 1236 his
644 1137 802 1209 sontibus
820 1140 931 1208 multa
948 1134 1152 1224 hauserunt,
1168 1134 1276 1210 Chri·

289 1242 335 1313 sti
355 1237 524 1313 beneficia
545 1240 747 1310 didicerunt
766 1239 886 1310 Patres
906 1254 940 1310 et
954 1235 1168 1332 Prophetae,
1194 1265 1274 1310 cum

290 1368 333 1415 ex
354 1339 588 1433 promissione
614 1343 695 1412 data
710 1337 894 1427 Abrahae,
926 1356 1002 1412 tum
1022 1367 1106 1411 vero
1129 1367 1169 1410 ex
1190 1343 1275 1410 reli-

288 1445 370 1539 quis
384 1440 551 1515 historiae
569 1445 736 1532 partibus.
785 1398 918 1514 Paulus
933 1469 1038 1536 quam
1064 1444 1198 1513 erudite
1214 1468 1274 1512 ex-

287 1547 379 1617 truit
393 1545 582 1616 articulum
606 1547 650 1615 de
667 1545 805 1614 iusticia
824 1546 907 1614 fidei
928 1570 969 1614 ex
991 1546 1084 1614 dicto
1109 1543 1273 1614 Genesis:

288 1646 441 1719 credidit
454 1641 637 1717 Abraham
651 1643 740 1732 Deo,
765 1661 801 1715 et
815 1646 1026 1738 imputatum
1044 1661 1094 1716 est
1109 1646 1141 1714 ei
1157 1649 1200 1715 ad
1218 1639 1274 1714 iuss

288 1748 450 1820 sticiami
488 1745 604 1817 David
621 1750 760 1818 tribuit·
772 1743 914 1818 Christo
930 1749 1164 1819 sacerdotium
1181 1746 1274 1817 Mel-

288 1845 493 1935 chisedech,
520 1844 722 1920 discernens
739 1850 901 1920 videlicet
915 1874 1046 1919 munus
1063 1850 1274 1919 benedicen-

288 1954 338 2033 di,
364 1967 405 2022 ut
419 1952 480 2020 ille
495 1951 707 2021 dulcissimis
723 1952 842 2022 verbis
859 1947 1204 2042 promittitAbrahae
1221 1951 1275 2018 la-

287 2076 410 2124 vorem
425 2065 460 2122 et
470 2053 643 2122 auxilium
658 2050 745 2138 Dei,
758 2077 776 2122 a
792 2053 987 2122 sacerdotio
1002 2052 1171 2125 Levitico.
1205 2049 1273 2121 Hic

158 2195 162 2199 ’
286 2158 386 2226 locus
401 2154 602 2248 uberrimus
616 2167 685 2238 est,
709 2166 749 2223 ut
766 2178 868 2246 saepe
882 2169 1003 2225 monet
1019 2150 1077 2222 hic
1093 2177 1275 2223 commen-

287 2256 415 2340 tarius,
440 2269 474 2325 et
497 2255 577 2346 pins
597 2256 709 2325 lector
731 2255 833 2325 facile
856 2256 1114 2325 animadvertet
1136 2255 1175 2323 in
1199 2256 1274 2345 ipsa

286 2357 452 2442 historia,
471 2356 534 2449 qui
556 2357 726 2452 intelligit
747 2357 852 2447 longe
875 2357 945 2426 alio
966 2357 1114 2427 consilio
1132 2351 1195 2424 has
1216 2353 1275 2424 hi-

285 2459 413 2534 storias
441 2459 606 2548 legendas
631 2481 704 2527 esse
734 2482 841 2551 qnam
870 2453 1038 2528 ethnicas.
1100 2452 1274 2528 Ethnicae

284 2584 427 2632 morum
442 2559 602 2629 civilium
617 2561 774 2654 erempla
789 2574 1005 2652 proponunt,
1030 2574 1063 2630 et
1078 2560 1272 2630 ostendunt

243 2697 246 2700 >
285 2657 518 2733 honestorum
543 2660 774 2731 consiliorum
799 2661 996 2755 plerunque
1026 2663 1139 2731 exitus
1160 2660 1272 2750 placi-

285 2766 351 2836 dos
367 2785 461 2848 esse,
477 2762 608 2834 atrocia
625 2786 710 2832 vero
725 2763 855 2832 scelera
875 2763 1036 2832 comitari
1051 2763 1198 2852 tragicas
1213 2786 1272 2831 ca-

284 2865 479 2949 lamitates,
504 2887 570 2934 uec
591 2864 704 2935 multo
726 2866 829 2956 plura
850 2866 980 2934 docent
1001 2865 1041 2933 in
1061 2887 1198 2934 summa
1214 2858 1272 2932 hi-

1281 763 1285 766 ·
1326 733 1565 821 experiuntur.
1615 728 1747 800 Haeret
1770 729 1896 816 lacob,
1920 757 1999 802 cum
2021 733 2089 802 iter
2110 756 2174 823 per
2192 731 2312 803 fratris
2345 794 2350 806 ι

1325 831 1462 901 inimici
1482 834 1581 902 sedes
1603 857 1673 902 una
1697 857 1778 902 cum
1804 833 1938 902 familia
1959 835 2114 904 facturus
2127 847 2189 907 est.
2238 831 2313 905 Nec

1325 958 1380 1003 res
1399 929 1557 1005 humano
1582 935 1730 1004 consilio
1755 935 1919 1005 extricari
1941 957 2042 1026 posse
2065 936 2224 1019 videtur,
2248 936 2312 1005 sed
2421 986 2424 990 Α

1324 1052 1433 1107 ιιοιιιι
1451 1039 1601 1107 luctatus
1622 1061 1703 1105 cum
1720 1033 1876 1106 Domino
1890 1037 2119 1106 confirmatur
2138 1049 2173 1106 et
2188 1037 2312 1105 deien-

1325 1137 1433 1209 ditur.
1490 1137 1594 1207 Talia
1617 1138 1728 1207 multa
1752 1151 1837 1209 sunt
1859 1138 2053 1230 exempla
2041 1163 2080 1206 ιιι
2111 1134 2179 1208 hoc
2200 1160 2311 1226 parvo

1325 1240 1475 1330 scripto,
1508 1264 1597 1332 quae
1614 1240 1762 1322 docent,
1784 1242 1904 1309 adesse
1917 1237 2033 1309 Deum
2050 1236 2246 1324 Ecclesiae,
2271 1261 2313 1308 ac

1324 1341 1448 1411 iubent
1464 1364 1529 1410 nos
1541 1353 1660 1432 petere
1683 1354 1717 1410 et
1731 1365 1870 1430 sperare
1891 1340 2064 1410 auxilium
2079 1356 2113 1412 et
2134 1340 2314 1410 defensio-

1323 1467 1428 1515 nem.
1476 1441 1560 1512 ldeo
1584 1443 1679 1510 enirn
1704 1438 1789 1511 haec
1811 1443 1939 1533 scripta
1962 1456 1996 1512 et
2016 1443 2164 1534 posteris
2178 1465 2313 1535 propo-

1324 1545 1388 1614 sita
1409 1559 1510 1630 suut,
1541 1557 1583 1614 ut
1610 1538 1667 1612 his
1692 1544 1890 1614 confirmati
1919 1545 2086 1635 exemplis
2109 1544 2313 1629 sentiamus,

1324 1660 1358 1716 et
1373 1645 1477 1713 nobis
1491 1646 1540 1715 sic
1555 1646 1645 1714 velle
1661 1642 1774 1733 Deum
1793 1646 1971 1736 opitulari.

1425 1739 1592 1841 Quartus
1618 1748 1716 1817 locus
1739 1760 1790 1816 est
1812 1746 2041 1817 successionis
2063 1744 2313 1821 consideratio.

1324 1846 1583 1937 Magniiaciunt
1605 1845 1760 1918 humana
1776 1849 1907 1918 iudicia
1933 1848 2187 1918 successionem
2212 1846 2314 1917 ordi-

1324 1951 1480 2035 nariam,
1516 1963 1699 2040 pareutum
1742 1963 1776 2020 et
1809 1951 1975 2021 locorum
2012 1951 2149 2023 decora.
2207 1946 2313 2034 Cain,

1324 2049 1469 2132 lsmael,
1501 2049 1597 2121 Esau
1620 2051 1688 2121 sibi
1712 2074 1862 2141 regnum
1885 2052 1921 2118 in
1940 2047 2093 2120 Ecclesia
2110 2049 2313 2137 vendicant,

1324 2154 1419 2246 quod
1442 2167 1552 2223 aetate
1573 2154 1825 2244 praecesserint
1846 2154 1982 2225 fratres.
2033 2148 2227 2247 Babylonii
2250 2175 2314 2222 ve·

1321 2254 1434 2323 riores
1465 2277 1501 2322 se
1539 2257 1582 2323 de
1604 2253 1680 2323 Deo
1710 2254 1896 2344 opiniones
1927 2266 2048 2323 tenere
2078 2254 2313 2339 contendunt,

1323 2357 1420 2449 quod
1442 2379 1481 2424 ea
1505 2355 1549 2424 sit
1573 2356 1746 2425 vetustior
1759 2353 1904 2424 Petrum
1921 2357 2037 2440 sedes,
2063 2356 2160 2451 quod
2181 2355 2228 2424 sit
2249 2377 2312 2424 arx

1322 2457 1483 2547 imperii,
1509 2470 1549 2526 ut
1568 2480 1664 2526 nunc
1678 2453 1845 2549 Episcopi
1863 2469 1897 2525 et
1911 2453 2069 2545 Collegia
2090 2469 2237 2548 propter
2251 2479 2314 2527 or-

1321 2559 1496 2629 dinariam
1510 2559 1782 2642 successionem,
1807 2558 1876 2626 sibi
1891 2553 1960 2627 hoc
1981 2558 2106 2647 ingens
2121 2559 2228 2630 decus
2250 2579 2313 2627 su·

1320 2674 1443 2745 munt,
1467 2662 1563 2752 quod
1580 2684 1697 2729 errare
1717 2660 1964 2749 nonpossint,
1990 2660 2085 2752 quod
2104 2659 2176 2729 sint
2193 2657 2314 2731 domi-

1321 2763 1401 2831 cilia
1419 2777 1453 2832 et
1469 2763 1655 2832 columnae
1671 2762 1839 2835 veritatis.
1889 2758 1986 2830 Haec
2010 2761 2141 2831 iudicia
2163 2758 2313 2831 refutari

1321 2864 1360 2933 in
1374 2862 1507 2935 Genesi
1524 2876 1696 2934 monstrat
1711 2861 1843 2932 Paulus
1864 2864 1976 2953 capite
2000 2887 2097 2932 nono
2114 2864 2159 2931 ad
2171 2859 2313 2934 Roma·

285 2967 415 3039 storiae
428 2960 600 3036 ethnicae.
642 2961 693 3035 At
715 2960 1023 3056 haePropheticae
1041 2989 1096 3035 res
1111 2965 1272 3050 maiores,
1320 2989 1400 3051 nos,
1415 2966 1480 3034 ubi
1496 2966 1646 3050 disserit,
1668 2962 1862 3034 Ecclesiam
1880 2965 2066 3083 propagari
2082 2987 2156 3034 non
2171 2963 2313 3053 generis

284 3068 482 3139 doctrinam
495 3064 563 3137 Der
576 3080 611 3136 et
626 3067 825 3137 testimonia
842 3067 964 3136 drvma
977 3069 1021 3136 de
1038 3069 1145 3135 rebus
1159 3080 1271 3136 aeter
1321 3081 1381 3137 aut
1405 3068 1475 3135 loci
1490 3066 1759 3155 praerogativis,
1781 3067 1840 3134 sed
1858 3066 2040 3135 vocatione
2057 3081 2091 3136 et
2108 3068 2218 3136 verbo
2230 3062 2313 3137 Det.
2380 3137 2387 3147 ,

284 3171 341 3240 nis
356 3184 391 3240 et
406 3164 585 3238 Ecclesiae
598 3169 890 3287 gubernationem
905 3168 1100 3241 continent.
1277 3168 1471 3237 Familia
1480 3165 1585 3265 Iacob
1598 3181 1650 3237 est
1656 3163 1811 3237 Ecclesia
1815 3166 1999 3259 qu1verb1
2009 3168 2167 3236 coelestis
2176 3167 2312 3238 doctri·

385 3263 553 3340 Secundo
581 3270 690 3359 igitur
712 3270 799 3339 l-oco
829 3269 998 3339 miracula
1029 3271 1272 3354 observentur,
1320 3295 1403 3338 nam
1420 3269 1559 3338 retinet.
1607 3266 1704 3339 Esau
1730 3292 1803 3338 non
1824 3269 1963 3340 retinet.
2012 3266 2178 3359 Collapsa
2203 3268 2311 3339 etiam

174 3460 176 3463 v
283 3396 359 3442 nou
381 3385 423 3442 nt
442 3364 637 3441 humanam
660 3371 897 3440 curiositatem
924 3371 1091 3441 novitatis
1118 3371 1271 3440 admira·
1319 3368 1521 3441 Ecclesia
1509 3395 1548 3440 ιιι
1583 3369 1783 3441 Palaestina
1817 3371 2035 3440 instauratur
2066 3372 2215 3441 excitato
2241 3371 2312 3441 do-

284 3474 382 3545 tione
405 3473 558 3557 alamus,
584 3473 643 3541 sed
667 3485 708 3542 ut
729 3471 932 3541 testimonia
954 3484 1156 3556 teneamus,
1181 3497 1271 3566 quae
1321 3486 1415 3543 ctore
1431 3468 1630 3557 Abraham,
1654 3485 1689 3542 et
1703 3485 1868 3541 renovata
1885 3472 2119 3561 promissione
2142 3495 2182 3542 ac
2202 3470 2309 3542 addi-

234 3650 242 3661 ,
284 3575 492 3654 ostendunt,
518 3574 614 3666 quod
630 3573 812 3643 doctrinae
826 3596 955 3661 genus,
981 3584 1014 3642 et
1037 3597 1125 3667 quos
1148 3575 1272 3644 docto-
1321 3575 1365 3644 tis
1393 3573 1619 3644 testimoniis:
1656 3598 1747 3666 quae
1773 3568 1919 3643 historia
1948 3587 2096 3644 testatur
2114 3570 2311 3644 Ecclesiam

283 3672 450 3746 resDeus
465 3674 724 3765 approbaverit.
774 3671 869 3743 Mira
895 3675 957 3743 illa
981 3687 1015 3743 et
1037 3675 1203 3745 inusitate
1218 3677 1272 3744 fa·
1320 3673 1396 3746 Deo
1411 3699 1514 3746 curae
1529 3699 1618 3755 esse,
1645 3688 1679 3746 et
1693 3675 1843 3745 subinde
1862 3674 1942 3743 ab
1932 3697 2008 3765 rpso
2033 3675 2241 3759 instaurari,
2267 3687 2311 3746 ut

284 3789 339 3847 cta
354 3798 459 3866 supra
474 3788 636 3844 naturam
650 3787 735 3844 sunt
749 3772 953 3872 neppaycdee
966 3777 1157 3850 doctrinae
1189 3774 1272 3846 Nou
1320 3775 1483 3846 Paulus
1472 3777 1606 3869 mquit.
1634 3777 1842 3847 deditdona
1860 3770 2065 3847 homiuibus
2074 3771 2311 3866 ,Prophetas

284 3877 379 3947 euim
393 3887 575 3965 putemus,
599 3871 715 3944 Deum
729 3875 853 3944 ludere
866 3877 1038 3957 voluisse
1065 3901 1146 3946 cum
1164 3900 1271 3967 prae·
1320 3874 1528 3969 Apostolos,
1552 3877 1725 3948 Pastores.
1781 3876 1899 3946 Non
1888 3878 1997 3966 igitur
2021 3877 2134 3948 titulis
2151 3877 2310 3968 dignita·

284 3977 374 4048 dixit
398 3975 595 4060 diluvium,
630 3999 709 4044 cum
736 3975 774 4043 in
797 3976 934 4045 diluvio
958 3979 1111 4048 servavit
1130 3980 1272 4047 unicam
1321 3995 1416 4063 tum,
1441 3980 1540 4065 loco,
1572 3981 1789 4049 successione
1806 3979 1989 4048 ordinaria
2008 4002 2233 4064 moveamur,
2265 3991 2309 4050 ut

283 4077 454 4172 familiam
476 4070 611 4145 Nohae.
660 4073 737 4145 Hae
759 4089 874 4145 tantae
894 4101 950 4146 res
973 4090 1007 4147 et
1030 4079 1272 4168 providentiae
1320 4077 1515 4150 Ecclesiam
1546 4103 1620 4150 esse
1647 4105 1728 4152 eum
1763 4094 1902 4150 coetum
1939 4080 2197 4166 existimemus,
2237 4079 2303 4174 qui

284 4167 320 4251 et
338 4178 520 4250 doctrinae
543 4177 745 4250 testimonia
765 4192 884 4262 erant,
910 4203 1017 4272 quam
1046 4202 1152 4249 senex
1169 4175 1272 4250 Noha
1320 4177 1515 4272 Evangelio
1541 4184 1763 4265 adversatur,
1789 4195 1823 4251 et
1844 4175 2010 4251 honestos
2032 4178 2194 4252 homines
2219 4205 2309 4273 pro·

282 4280 524 4375 profitebatur.
1320 4296 1400 4374 pter
1423 4284 1725 4353 confessionem
1690 4306 1768 4376 prae
1784 4284 1966 4353 doctrinae
1986 4283 2170 4369 interficit,
2195 4296 2239 4353 ιιι
2250 4283 2309 4353 fa-

385 4376 513 4451 Terlio
526 4381 623 4466 loco,
648 4381 856 4472 gubernatio
874 4395 908 4450 et
921 4381 1078 4450 defensio
1094 4377 1272 4452 Ecclesiae
1321 4385 1435 4455 ciebat
1449 4381 1593 4455 Cain.

285 4497 481 4577 spectetur,
505 4505 594 4575 quae
609 4483 745 4552 etramsr
759 4483 902 4552 videtur
917 4483 1047 4572 negligi
1062 4506 1081 4551 a
1098 4480 1192 4568 Deo,
1217 4499 1271 4555 ta·
1322 4540 1328 4550 .
1421 4479 1761 4581 Quintuslocusest
1777 4485 1886 4566 vitae,
1913 4509 2053 4555 morum
2075 4498 2109 4555 et
2124 4483 2307 4553 actionum

154 4649 160 4663 ,
283 4605 368 4656 rnen
390 4584 543 4654 illustria
567 4580 864 4675 praesentiaeDei
889 4608 936 4653 ae
953 4584 1195 4674 providentiae
1217 4599 1271 4655 te-
1319 4586 1565 4657 consideratio.
1618 4583 1735 4658 Antea
1759 4589 1802 4655 de
1828 4587 1987 4656 doctrina
2009 4600 2046 4657 et
2066 4589 2110 4656 de
2126 4582 2308 4655 Ecclesiae

189 4764 195 4770 ,
283 4686 450 4759 stimonia
469 4685 638 4760 continet.
688 4681 869 4776 Augustus
885 4682 1082 4777 Imperator
1102 4687 1191 4775 regit
1210 4711 1270 4756 or·
1317 4689 1574 4776 gubernatione
1590 4688 1743 4758 diximus
1751 4713 1879 4780 ,quam
1897 4689 1960 4779 qui
1975 4699 2224 4770 contemnunt,
2239 4681 2312 4757 hos

282 4792 365 4862 bem
385 4802 559 4857 terrarum
583 4785 675 4856 datis
698 4787 803 4857 certis
826 4786 982 4876 legibus,
1007 4781 1116 4856 habet
1137 4789 1270 4856 exerci-
1317 4789 1429 4859 libros
1447 4814 1521 4859 non
1539 4790 1805 4880 magnifaciunt.
1856 4788 2043 4877 Quaerunt
2064 4791 2158 4858 enim
2182 4789 2222 4858 iu
2247 4781 2311 4856 hi-

283 4904 358 4975 tus,
393 4888 523 4983 quibus
544 4887 808 4979 provinciarum
829 4910 948 4957 curam
969 4889 1130 4974 mandat,
1162 4883 1268 4960 habet
1317 4892 1435 4961 storiis
1451 4893 1567 4960 varios
1582 4904 1698 4961 motus
1718 4889 1910 4960 Civitatum
1928 4904 1960 4959 et
1975 4889 2204 4979 Regnorum,
2225 4884 2309 4959 Du·

262 4993 388 5064 ,etiam
410 5012 514 5081 opes,
553 4989 651 5059 uude
679 4989 772 5059 alere
793 4975 968 5080 praesidia
991 5002 1115 5080 potest.
1172 4988 1268 5060 Haec
1318 5017 1397 5061 cum
1419 4989 1595 5083 exempla,
1628 5008 1773 5063 eventus
1796 4993 1905 5062 miros
1928 4992 2113 5061 bellorum.
2172 4987 2222 5062 At
2242 4984 2307 5061 bic

281 5091 426 5187 politica
448 5091 655 5182 gubernatio
676 5085 842 5160 humanis
870 5091 1023 5180 legibus,
1056 5091 1212 5160 consiliis
1234 5106 1269 5162 et
1316 5094 1437 5183 legunt
1449 5093 1635 5165 Pastorum
1655 5094 1862 5188 colloquia,
1876 5117 1964 5184 pene
1988 5106 2027 5162 ut
2040 5091 2226 5178 Bucolica,
2250 5091 2308 5163 le-

280 5193 418 5265 viribus
434 5192 572 5262 munita
587 5206 648 5266 est.
684 5191 807 5284 Longe
822 5193 1004 5262 dissimilis
1027 5205 1078 5262 est
1090 5189 1268 5263 Ecclesiae
1314 5208 1404 5283 gunt
1418 5198 1594 5266 connubia
1614 5209 1649 5266 et
1664 5197 1756 5266 rixas
1770 5195 1971 5266 mulierum.
2023 5193 2095 5266 Sed
2108 5207 2227 5265 errant
2240 5214 2306 5267 su·

281 5292 501 5388 gubernatio.
558 5288 760 5379 Abraham,
785 5292 901 5380 lsaac,
927 5293 1052 5378 Iacob,
1075 5307 1116 5364 ut
1138 5295 1267 5385 privati
1314 5298 1515 5387 perbissimi
1544 5293 1726 5377 homines,
1770 5321 1835 5366 nec
1868 5294 2074 5392 intelligunt
2105 5291 2305 5366 Ecclesiam

281 5421 322 5469 ae
337 5392 493 5488 hospites
512 5408 702 5485 vagentur,
725 5397 803 5466 sine
824 5396 927 5468 certis
947 5391 1115 5466 humanis
1133 5399 1268 5488 praesi-
1314 5395 1373 5472 hic
1400 5400 1561 5491 depingi,
1597 5423 1687 5492 quae
1710 5398 1776 5469 etsi
1799 5411 1849 5469 est
1880 5378 2027 5466 humilis
2056 5421 2097 5467 ac
2118 5396 2307 5469 dissimilis

262 5500 370 5582 diis,
394 5522 436 5570 ac
450 5494 613 5568 voceDei
627 5510 662 5569 et
675 5494 812 5590 Spiritu
826 5511 947 5570 sancto
962 5495 1267 5586 colliguutEccle·
1314 5498 1495 5595 Imperiis,
1521 5515 1658 5596 umen,
1679 5500 1763 5595 quia
1778 5499 1818 5570 in
1840 5501 1913 5570 vita
1933 5498 2032 5569 civili
2053 5499 2161 5588 tegit,
2184 5522 2308 5571 versa-
