4868 6420
285 367 363 443 219
864 363 1296 442 EPISTOLARUM
1351 365 1460 444 LlB.
1493 366 1557 441 IX.
1612 365 1744 443 1543.
2247 369 2327 444 220

287 539 429 611 duobus
444 537 507 607 diu
521 538 591 607 iam
610 539 798 626 meditata,
830 553 865 610 et
877 554 1035 629 tegamus
1054 532 1141 609 baec
1160 552 1280 609 nostra
1329 537 1439 608 Vides
1469 539 1507 606 in
1533 536 1681 608 Graecia
1713 553 1832 609 exorto
1864 541 1958 609 civili
1991 541 2085 609 bello
2118 564 2190 608 non
2222 540 2322 631 prius

287 644 459 723 vulnera,
486 640 564 709 aliis
580 665 721 735 quoque
738 642 848 710 simus
865 634 1081 721 hortatores,
1107 653 1148 709 ut
1162 642 1280 710 occul·
1329 665 1425 709 arma
1443 641 1600 729 deposita
1618 664 1708 726 esse,
1741 666 1845 734 qnam
1862 642 2021 711 funditus
2036 642 2219 732 perierunt
2231 639 2323 711 Cor-

195 782 198 787 *
289 757 377 820 tent.
428 735 524 810 Mihi
539 755 570 811 et
587 743 657 812 tuit
671 757 706 813 et
720 744 787 812 erit
805 766 928 828 curae,
960 757 1002 812 ut
1017 743 1109 812 inter
1125 765 1190 812 nos
1206 765 1281 810 non
1329 766 1432 835 cyra,
1475 739 1670 836 Mitylene,
1701 741 1903 827 Messana,
1952 739 2137 828 Athenae,
2184 743 2323 828 Sarnos,

290 846 408 916 solum
428 841 592 912 induciae
614 844 702 924 sint,
734 845 1017 914 sedetiamvera
1036 843 1281 912 benevolentia
1330 842 1474 933 Sparta,
1502 838 1658 915 Thebae.
1710 843 1802 913 Nolo
1819 845 1928 931 igitur
1950 869 2022 914 esse
2045 839 2221 929 hortator,
2255 869 2321 914 nec

288 959 430 1030 mutua,
456 968 495 1013 ae
512 969 628 1014 meum
645 946 802 1014 animum
820 959 905 1038 puto
923 945 1045 1014 multis
1060 959 1280 1037 perspectum
1329 944 1381 1011 fui
1404 968 1580 1036 unquam,
1614 957 1653 1013 nt
1676 947 1807 1014 bellum
1829 948 2031 1018 inieramus.
2099 945 2322 1014 Moderatio-

289 1070 376 1122 esse.

390 1145 445 1218 De
461 1145 649 1217 Conventu
672 1161 705 1215 et
720 1146 929 1237 Principum
951 1147 1117 1237 periculis
1137 1168 1281 1233 magnas

288 1251 394 1324 video
407 1249 664 1318 sollicitudines
680 1272 762 1321 esse.
813 1246 889 1338 Ego
906 1249 942 1316 in
961 1244 1025 1318 hac
1041 1248 1281 1317 consolatione

288 1352 494 1445 acquiesco,
520 1343 626 1419 Fata
649 1345 745 1417 eiam
769 1348 949 1418 invenient
970 1345 1159 1445 aderitque
1176 1371 1281 1416 eoca-

289 1462 349 1524 tus
373 1450 505 1524 Issen·
551 1450 633 1522 Scio
657 1446 820 1521 homines
840 1452 985 1522 callidos
1008 1453 1129 1520 ludere
1156 1449 1282 1534 titulis,

288 1569 332 1627 ut
359 1554 521 1623 luserunt
551 1576 645 1621 anno
668 1554 848 1644 superiore
872 1569 906 1625 et
929 1551 1159 1635 lubecenses,
1201 1575 1280 1620 cum

288 1658 467 1739 dicerent,
499 1677 534 1723 se
555 1678 628 1722 non
645 1655 775 1724 inferre
792 1656 944 1738 bellum,
976 1656 1037 1724 sed
1056 1645 1280 1745 ἀμύνεσθαι.

288 1757 376 1830 ldeo
392 1757 535 1827 difficile
550 1770 601 1826 est
616 1757 795 1847 disputare
810 1759 855 1825 de
872 1781 910 1826 ea
926 1781 983 1842 re,
1012 1758 1056 1825 de
1077 1779 1146 1848 qua
1168 1755 1206 1822 in
1226 1776 1282 1823 se-

288 1861 407 1933 cunda
433 1859 578 1950 epistola
601 1858 735 1928 scribis.
787 1858 898 1949 Saepe
924 1858 1146 1950 multumque
1167 1855 1280 1944 cogito

287 1964 335 2033 de
349 1957 480 2030 horum
497 1973 695 2050 temporum
719 1958 923 2043 discordiis,
956 1983 1058 2049 saepe
1080 1958 1281 2029 universam

287 2062 416 2134 mundi
432 2058 633 2144 historiam,
659 2074 832 2153 quatenus
850 2074 942 2130 extat
959 2061 996 2128 in
1017 2061 1128 2130 literis
1144 2056 1282 2128 Latinis

289 2178 326 2235 et
354 2160 519 2246 Graecis,
558 2174 698 2251 repeto,
745 2163 888 2231 confero
918 2176 1053 2246 motus,
1096 2160 1282 2229 considero

289 2258 468 2337 bellorum
493 2263 651 2332 civilium
678 2263 806 2348 furias,
839 2264 1047 2347 seditiones,
1080 2263 1201 2331 caedes
1223 2284 1283 2329 co-

289 2379 497 2457 gnatorum,
522 2364 615 2434 bella
631 2388 672 2433 ex
687 2365 789 2433 bellis
805 2378 898 2437 nata.
949 2362 1089 2433 Horum
1108 2364 1283 2431 malorum

288 2466 535 2556 magnitudine
557 2466 607 2534 sic
627 2488 794 2550 moveor,
829 2478 870 2536 ut
892 2489 953 2556 ego
983 2466 1125 2558 quidem
1153 2464 1284 2531 millies

260 2623 267 2629 -
288 2569 384 2640 mori
400 2567 541 2651 malim,
565 2591 671 2659 quam
686 2566 743 2634 vel
759 2567 859 2636 iustis
876 2569 983 2636 armis
998 2565 1152 2638 delendi.
1192 2563 1283 2634 Vide

290 2683 465 2765 quantum
489 2667 639 2759 periculi
662 2692 758 2737 nunc
777 2670 823 2738 sit
840 2693 880 2738 ex
894 2664 1160 2739 Brunsvicansi
1173 2689 1284 2755 nego-

290 2775 343 2845 tio
367 2785 497 2842 ortum.
561 2766 699 2839 Deinde
720 2768 926 2860 Principum
951 2783 1097 2839 naturae
1122 2768 1283 2837 conside-

290 2875 426 2946 randae
443 2883 537 2941 sunt.
588 2868 638 2940 Ut
655 2869 755 2941 Plato
773 2873 952 2942 metuebat
966 2874 1003 2941 in
1019 2868 1135 2939 Dione
1158 2861 1284 2940 αὐθά-

288 2971 413 3058 δειαν,
448 2996 538 3065 quae
557 2971 701 3063 quidem
718 2972 824 3042 exitio
843 2973 880 3042 ei
896 2974 981 3043 fuit:
1016 2972 1064 3040 sic
1083 2995 1146 3062 ego
1170 2970 1284 3042 nostri

290 3075 402 3148 Ducis
418 3066 647 3157 αὐθάδειαν,
682 3087 715 3143 et
730 3088 894 3143 naturam
912 3069 1114 3170 ἐρωτικὴν,
1142 3095 1284 3165 quaese

289 3201 366 3249 non
383 3188 497 3268 potest
511 3175 688 3244 inflectere
706 3177 751 3245 ad
767 3177 969 3246 retinendas
991 3175 1180 3258 amicitias,
1209 3197 1284 3242 non

290 3302 435 3372 possum
452 3301 527 3346 non
544 3290 710 3346 metuere.
761 3272 921 3347 Alterius
939 3302 1041 3360 vero,
1071 3277 1169 3345 cuius
1185 3277 1284 3365 inge-

290 3381 393 3451 nium
409 3379 522 3469 pluris
537 3378 701 3461 fecimus,
727 3379 937 3448 domesticae
953 3403 1008 3447 res
1023 3377 1192 3447 dicuntur
1208 3400 1285 3444 ma-

290 3483 345 3572 gis
358 3481 541 3573 magisque
555 3479 766 3561 deformari,
792 3475 855 3550 καὶ
867 3476 978 3552 καινὰ
996 3471 1188 3550 σκάνδαλα
1205 3473 1285 3569 ‹ltq-

290 3587 448 3684 γοῦνται
463 3574 569 3664 τινὲς,
598 3604 685 3673 quae
699 3580 879 3672 inquirere
893 3593 928 3651 te
942 3581 1092 3673 optarim
1109 3593 1144 3650 et
1157 3580 1285 3661 anniti,

289 3700 333 3757 ut
347 3705 498 3753 sanares.
530 3681 588 3752 Sic
604 3682 712 3771 igitur
725 3678 940 3751 Ecclesiolae
953 3698 1093 3754 nostrae
1107 3694 1146 3750 ut
1161 3680 1283 3774 cymba

291 3788 332 3858 in
353 3785 521 3854 fluctibus
540 3784 616 3850 sine
631 3807 746 3866 remo,
772 3785 848 3852 sine
864 3785 942 3852 velo
953 3780 982 3878 ²)
1000 3786 1194 3865 iactantur,
1220 3806 1283 3851 nee

292 3886 433 3959 consilii
450 3885 644 3976 quidquam
662 3878 805 3953 habent.
847 3883 945 3953 ldem
962 3886 1048 3955 dicit
1063 3898 1182 3953 noster
1196 3883 1285 3951 ami-

292 4011 355 4060 cus
372 3982 552 4070 Iacobus,
579 3984 715 4077 quoties
732 3986 769 4052 in
786 4010 865 4055 eum
882 4008 1079 4055 sermonem
1097 3985 1284 4056 delabitur.

293 4089 394 4180 Quid
418 4089 526 4177 igitur
547 4087 767 4170 faciendum,
799 4087 942 4179 inquis?
992 4085 1105 4157 Nobis
1130 4086 1283 4156 doctori-

291 4193 361 4264 bus
384 4190 553 4283 explicata
580 4189 669 4258 ratio
678 4183 708 4284 ³)
727 4203 787 4259 est.
835 4186 1032 4259 Doceamus
1047 4189 1227 4256 moderate
1246 4211 1285 4255 ac

293 4293 415 4377 utilia,
454 4287 566 4360 donec
588 4287 684 4359 Deus
716 4289 820 4359 nobis
845 4290 1136 4383 tranquillitatem
1161 4312 1286 4357 conce·

293 4396 368 4479 dit,
396 4406 515 4484 postea
541 4392 692 4460 cervices
717 4391 937 4480 porrigamus
959 4416 1019 4460 seu
1044 4390 1185 4472 alienis,
1225 4413 1285 4457 seu

293 4496 437 4566 nostris.
488 4490 565 4582 Ego
590 4517 664 4561 non
686 4494 800 4562 solnm
822 4492 954 4561 bellum
979 4507 1012 4562 et
1029 4494 1182 4561 incertos
1200 4490 1287 4560 belli

291 4619 412 4680 casus,
437 4596 497 4663 sed
514 4595 619 4663 etiam
634 4595 818 4664 victoriam
833 4607 965 4668 metuo.

397 4695 496 4785 Quid
511 4697 554 4764 de
568 4693 773 4778 Centauris,
794 4689 864 4763 hoc
880 4709 947 4774 est,
975 4696 1019 4763 de
1034 4693 1212 4787 equitibus
1230 4692 1285 4762 di-

295 4798 396 4870 cam?
446 4795 551 4867 Nunc
573 4821 652 4864 cum
674 4797 888 4866 iudiciorum
911 4810 944 4865 et
967 4796 1082 4884 legum
1097 4795 1213 4862 minae
1229 4807 1287 4864 ut-

295 4923 434 4993 cunque
449 4899 673 4990 rapacitates,
698 4912 732 4967 et
747 4899 928 4967 saevitiam
945 4920 1068 4967 eorum
1084 4890 1287 4988 prohibent,

295 5004 395 5071 vides
415 5024 505 5092 pene
526 4998 766 5068 intolerabiles
787 5022 873 5068 esse:
903 4998 990 5091 quid
1010 4999 1171 5067 futurum
1188 5011 1286 5081 esset,

294 5103 327 5174 si
357 5126 426 5196 qua
457 5101 573 5171 clades
603 5101 838 5192 acciperetur,
878 5101 985 5194 qnid,
1026 5101 1056 5169 si
1080 5099 1288 5170 vincerent?

235 5319 237 5323 ,
298 5312 522 5328 ..ιο-...Ε’-

330 5448 360 5510 2)
379 5442 480 5516 Spanb.
497 5442 596 5499 edidit:
613 5445 695 5510 velis,
712 5442 758 5498 sed
773 5442 872 5514 legitur
885 5445 955 5498 eaelo.

331 5531 359 5604 8)
377 5529 473 5585 Editor
486 5528 549 5585 libri
566 5526 611 5584 Vl.
625 5544 688 5600 res,
704 5526 844 5583 mendose.
920 5553 925 5559 ·
954 5577 959 5586 .

1329 1068 1411 1113 nem
1441 1047 1547 1113 etiam
1571 1047 1690 1136 optari
1712 1061 1851 1116 nostros
1875 1072 1950 1116 eam
1976 1048 2015 1115 in
2040 1048 2192 1138 politicis
2215 1049 2321 1115 rebus

1329 1161 1524 1238 praestare,
1545 1170 1589 1215 ne
1604 1148 1794 1239 aliqnando
1812 1173 1949 1232 raecesse
1967 1163 2055 1218 esset
2070 1141 2295 1240 ἀμύνεσθαι.

1431 1277 1534 1349 Nunc
1548 1274 1814 1349 Brnnsvicense
1837 1284 2016 1370 negotium
2039 1295 2073 1350 et
2095 1283 2183 1350 aliae
2208 1305 2321 1372 nugae

1329 1380 1486 1449 fortassis
1502 1381 1655 1474 aliquem
1668 1383 1860 1452 tumultum
1877 1384 2090 1456 excitabunt.
2141 1382 2211 1453 Sed
2228 1407 2322 1453 non-

1330 1485 1415 1551 dum
1440 1483 1579 1551 somnio
1604 1485 1707 1558 bella.
1760 1483 1831 1553 Nec
1851 1509 2064 1576 magnopere
2087 1509 2230 1554 moveor
2252 1480 2321 1555 hoc

1331 1597 1555 1672 argumento,
1585 1586 1698 1653 donec
1720 1586 1758 1653 in
1782 1588 1999 1675 possessione
2022 1599 2106 1654 sunt
2127 1610 2233 1676 opum
2250 1582 2320 1656 Ec-

1331 1685 1601 1753 clesiasticarum
1621 1688 1830 1770 adversarii,
1857 1701 2012 1756 nostram
2030 1689 2249 1757 iuventutem
2264 1688 2321 1756 in-

1330 1786 1410 1875 opia
1427 1787 1596 1855 deterreri
1612 1811 1632 1856 a
1649 1788 1779 1856 nostris
1795 1790 1939 1872 studiis,
1970 1803 2003 1858 ct
2026 1791 2209 1859 defuturos
2232 1814 2322 1880 pau-

1330 1887 1430 1956 latim
1456 1888 1626 1961 doctores.
1688 1888 1727 1959 Si
1763 1903 1803 1959 ut
1831 1885 2002 1960 hactenus
2029 1891 2197 1985 paulatim
2224 1891 2322 1981 carpi

1330 2002 1513 2078 poterunt,
1545 2003 1580 2058 et
1594 1989 1775 2082 Principes
1797 2015 1836 2059 ac
1851 1991 2008 2083 Respnb.
2030 1993 2122 2061 serio
2146 1994 2323 2061 curabunt

1330 2087 1521 2174 Ecclesias,
1553 2115 1627 2159 non
1648 2094 1903 2185 desperandum
1923 2094 1990 2162 erit
2004 2096 2048 2162 de
2063 2094 2199 2167 studiis.
2251 2092 2321 2165 Sed

1331 2191 1360 2260 si
1386 2215 1460 2259 non
1483 2192 1753 2278 antevertimus,
1795 2194 1933 2287 inquiet
1961 2195 2107 2289 aliquis,
2149 2196 2321 2265 exercitus

1330 2288 1470 2361 hostilis
1503 2296 1619 2363 nudos
1653 2296 1840 2387 opprimet.
1899 2295 1953 2366 Ne
1981 2293 2048 2366 hoc
2076 2298 2217 2392 quidem
2245 2297 2322 2366 fieri

1330 2407 1460 2485 potest,
1487 2395 1516 2463 si
1532 2395 1645 2464 nostri
1660 2397 1731 2466 sint
1746 2397 1943 2487 vigilantes.
1996 2399 2065 2470 Sed
2092 2399 2226 2492 quoties
2249 2398 2319 2467 iam

1330 2519 1410 2564 vere
1427 2497 1682 2586 comperimus,
1714 2512 1852 2568 nostros
1867 2500 1935 2568 sibi
1951 2500 2037 2591 ipsis
2050 2503 2190 2570 finxisse
2207 2513 2320 2570 terro·

1330 2597 1432 2666 resl‘
1461 2593 1625 2692 Denique
1646 2599 1685 2667 in
1711 2623 1748 2668 re
1771 2614 1865 2670 tanta
1896 2626 2002 2694 quam
2031 2604 2221 2674 multator
2249 2603 2320 2671 iam

1330 2697 1434 2766 annis
1467 2713 1550 2769 sunt
1581 2698 1789 2793 Principum
1829 2717 1863 2772 et
1902 2705 2088 2773 doctorum
2130 2704 2321 2774 domestica
2423 2776 2431 2783 ,

1331 2792 1533 2894 σφάλματα
1539 2851 1551 2884 ,
1585 2825 1674 2893 quae
1697 2827 1753 2870 me
1772 2804 1972 2895 deplorasse
1989 2830 2029 2873 ae
2044 2806 2251 2874 frementem
2267 2819 2319 2874 ta-

1330 2924 1427 2969 xasse
1442 2902 1545 2971 multi
1562 2904 1716 2973 norunt!
1769 2903 1959 2998 Postquam
1979 2907 2146 2997 igiturex
2168 2907 2240 2976 illis
2263 2926 2320 2976 er·

1330 3003 1416 3071 ratis
1437 3016 1533 3071 nune
1552 3005 1708 3095 pericula
1730 3022 1933 3091 creverunt,
1965 3009 2124 3077 animum
2150 3032 2321 3100 praeparo

1331 3105 1375 3173 ad
1396 3105 1559 3173 serendos
1580 3119 1725 3175 eventus
1746 3109 1986 3179 moderatione
2002 3111 2130 3202 aliqua.
2181 3107 2323 3180 Princi-

1330 3228 1391 3296 pes
1414 3220 1533 3275 nostra
1555 3208 1701 3276 consilia
1725 3233 1798 3277 non
1820 3212 1981 3280 audiunt.
2031 3210 2100 3282 Sed
2117 3223 2150 3280 et
2166 3225 2249 3282 ante
2267 3212 2322 3283 fui

1332 3306 1381 3374 eis
1402 3300 1564 3376 hortator
1587 3311 1629 3376 ad
1655 3311 1951 3395 moderationem,
1987 3326 2022 3383 et
2044 3309 2159 3381 adhue
2184 3337 2263 3397 ero,
2290 3314 2322 3383 si

1332 3408 1411 3500 quis
1434 3409 1501 3477 erit
1523 3410 1632 3482 locus.
1685 3408 1882 3480 Metuerem
1901 3414 2174 3483 inconstantiam
2191 3415 2323 3484 volun·
2410 3424 2413 3429 ’

1331 3522 1442 3579 tatum
1466 3511 1503 3577 in
1529 3511 1749 3601 potentibus,
1789 3516 1994 3604 praesertim
2016 3529 2113 3585 moto
2137 3516 2247 3599 bello,
2279 3540 2321 3585 ac

1332 3611 1445 3680 multo
1467 3612 1577 3700 magis
1601 3613 1802 3699 victoriam,
1837 3617 1975 3684 etiamsi
1999 3610 2209 3686 haberemus
2222 3613 2321 3686 Con-

1331 3713 1504 3781 stantinos
1519 3728 1552 3784 et
1569 3708 1801 3788 Theodosios.
1852 3715 1955 3786 Nunc
1973 3743 2051 3799 eum
2070 3718 2197 3787 sintin
2215 3718 2324 3812 sylvis
2355 3808 2363 3813 ἢ

1331 3815 1425 3882 inter
1440 3828 1625 3883 venatores
1642 3829 1675 3886 et
1691 3832 1876 3887 centauros
1892 3842 1972 3887 suos
1998 3820 2143 3904 nutriti,
2173 3833 2209 3891 et
2230 3821 2323 3891 illud

1331 3912 1489 4008 πρέπον,
1526 3918 1623 4008 quod
1645 3918 1684 3986 in
1707 3932 1803 3989 tanta
1833 3944 1935 3989 causa
1960 3934 2114 4012 spectare
2137 3922 2325 4012 praecipue

1332 4018 1546 4100 debuerunt,
1580 4042 1765 4111 nunquam
1790 4022 1963 4104 curarint,
1998 4037 2058 4092 aut
2081 4036 2172 4093 certe
2196 4023 2324 4094 leviter
2404 4054 2411 4072 ·

1332 4118 1507 4199 curarint,
1531 4119 1618 4210 quid
1635 4135 1749 4211 potest
1765 4122 1814 4190 eis
1831 4125 1970 4192 consilii
1985 4125 2089 4193 dari?

1433 4249 1530 4320 Haec
1544 4252 1667 4342 scripsi
1684 4253 1943 4344 simplicissimo
1958 4259 2096 4343 animo,
2121 4282 2160 4328 ac
2175 4272 2210 4330 te
2226 4281 2325 4349 rogo,

1333 4364 1371 4422 ut
1401 4376 1481 4420 curn
1509 4353 1635 4440 legeris
1666 4379 1855 4446 concerpas
1883 4359 2066 4449 epistolam
2084 4357 2124 4454 ⁴).
2189 4359 2324 4453 Scripsi

1333 4453 1427 4521 enirn
1457 4467 1497 4525 ut
1523 4454 1589 4523 tibi
1621 4480 1734 4524 meam
1758 4459 1982 4548 opinionem,
2025 4461 2324 4554 quemadmodum

1333 4554 1481 4645 petiisti,
1513 4555 1757 4644 significarem.
1815 4557 1889 4628 lam
1915 4562 1953 4631 in
1977 4558 2044 4633 hoc
2069 4563 2145 4654 ipso
2171 4563 2323 4634 articulo

1333 4656 1450 4746 accepi
1471 4648 1721 4727 aColoniensi
1741 4657 2045 4751 Principepliteras
2068 4678 2102 4733 et
2123 4665 2324 4756 exemplum

1333 4759 1569 4828 ordinationis
1598 4760 1718 4837 addita
1741 4753 1966 4858 Gropperica
1998 4766 2211 4836 refutatione
2240 4766 2325 4838 satis

1335 4859 1451 4948 longa.
1504 4855 1673 4930 Arbitror
1686 4861 1753 4931 tibi
1766 4888 1908 4956 quoque
1923 4867 2027 4936 missa
2043 4891 2116 4936 esse
2130 4870 2300 4961 exempla.

1434 4989 1608 5061 Turricus
1625 4991 1815 5086 Tyrannus
1834 4998 1925 5069 redit
1940 4999 1979 5067 in
1997 4995 2200 5075 Thraciam.
2251 4999 2326 5072 Bo-

1332 5087 1491 5163 hemicae
1507 5093 1626 5185 copiae
1641 5097 1786 5167 domum
1802 5099 1997 5174 redierunt.
2038 5099 2135 5172 Deus
2151 5103 2243 5174 adsit
2259 5127 2326 5174 no-

1370 5451 1564 5593 ”eitisi‘otiiid
1584 5454 1679 5510 codem
1700 5456 1786 5512 died.
1808 5463 1833 5514 t.
1848 5460 1918 5520 Nor.
1934 5462 2091 5520 camerario
2109 5465 2205 5522 scribit
2223 5466 2257 5522 de
2276 5467 2329 5525 bas
