<?xml version="1.0" encoding="UTF-8"?>
<!DOCTYPE html PUBLIC "-//W3C//DTD XHTML 1.0 Transitional//EN"
    "http://www.w3.org/TR/xhtml1/DTD/xhtml1-transitional.dtd">
<html xmlns="http://www.w3.org/1999/xhtml" xml:lang="en" lang="en">
 <head>
  <title>
</title>
<meta http-equiv="Content-Type" content="text/html;charset=utf-8" />
  <meta name='ocr-system' content='tesseract 3.04.00' />
  <meta name='ocr-capabilities' content='ocr_page ocr_carea ocr_par ocr_line ocrx_word'/>
</head>
<body>
  <div class='ocr_page' id='page_1' title='image "./philippimelanth13melagoog/philippimelanth13melagoog_0110.png"; bbox 0 0 4868 6420; ppageno 0'>
   <div class='ocr_carea' id='block_1_1' title="bbox 287 334 2317 637">
    <p class='ocr_par' dir='ltr' id='par_1_1' title="bbox 287 334 2317 637">
     <span class='ocr_line' id='line_1_1' title="bbox 287 334 2317 417; baseline 0.001 -8"><span class='ocrx_word' id='word_1_1' title='bbox 287 334 359 409; x_wconf 83' lang='lat'>179</span> <span class='ocrx_word' id='word_1_2' title='bbox 857 334 1294 414; x_wconf 73' lang='lat' dir='ltr'>urlsrotnuuu</span> <span class='ocrx_word' id='word_1_3' title='bbox 1345 337 1549 417; x_wconf 76' lang='lat' dir='ltr'>otss.1x.</span> <span class='ocrx_word' id='word_1_4' title='bbox 1603 336 1736 413; x_wconf 73' lang='lat' dir='ltr'>asts.</span> <span class='ocrx_word' id='word_1_5' title='bbox 2242 340 2317 415; x_wconf 81' lang='lat' dir='ltr'>tso</span> 
     </span>
     <span class='ocr_line' id='line_1_2' title="bbox 288 493 2307 637; baseline 0.003 -59"><span class='ocrx_word' id='word_1_6' title='bbox 288 505 483 584; x_wconf 60' lang='lat' dir='ltr'>Nouato.</span> <span class='ocrx_word' id='word_1_7' title='bbox 1103 514 1272 637; x_wconf 54' lang='lat' dir='ltr'>Q</span> <span class='ocrx_word' id='word_1_8' title='bbox 1326 509 1521 584; x_wconf 64' lang='lat' dir='ltr'>noaino.</span> <span class='ocrx_word' id='word_1_9' title='bbox 1845 493 1849 497; x_wconf 84' lang='grc'><strong>’</strong></span> <span class='ocrx_word' id='word_1_10' title='bbox 2148 514 2307 599; x_wconf 64' lang='lat' dir='ltr'>casea.</span> 
     </span>
    </p>
   </div>
   <div class='ocr_carea' id='block_1_2' title="bbox 295 603 2311 638">
    <p class='ocr_par' dir='ltr' id='par_1_2' title="bbox 295 603 2311 638">
     <span class='ocr_line' id='line_1_3' title="bbox 295 603 2311 638; baseline 0.001 -4"><span class='ocrx_word' id='word_1_11' title='bbox 295 603 466 635; x_wconf 56' lang='grc' dir='ltr'>Μ</span> <span class='ocrx_word' id='word_1_12' title='bbox 1333 605 1503 636; x_wconf 54' lang='lat' dir='ltr'><em>m</em></span> <span class='ocrx_word' id='word_1_13' title='bbox 2137 607 2311 638; x_wconf 55' lang='lat' dir='ltr'>W</span> 
     </span>
    </p>
   </div>
   <div class='ocr_carea' id='block_1_3' title="bbox 585 673 2110 790">
    <p class='ocr_par' dir='ltr' id='par_1_3' title="bbox 585 673 2110 790">
     <span class='ocr_line' id='line_1_4' title="bbox 585 673 2110 790; baseline 0.011 -28"><span class='ocrx_word' id='word_1_14' title='bbox 585 673 769 790; x_wconf 81' lang='lat' dir='ltr'>Georgia</span> <span class='ocrx_word' id='word_1_15' title='bbox 798 676 984 762; x_wconf 75' lang='lat' dir='ltr'>Antan.</span> <span class='ocrx_word' id='word_1_16' title='bbox 1650 694 1712 782; x_wconf 92' lang='lat' dir='ltr'>Io.</span> <span class='ocrx_word' id='word_1_17' title='bbox 1741 695 1991 780; x_wconf 78' lang='lat' dir='ltr'>Mattheaio.</span> <span class='ocrx_word' id='word_1_18' title='bbox 2101 708 2110 725; x_wconf 88' lang='lat'><strong><em>‘</em></strong></span> 
     </span>
    </p>
   </div>
   <div class='ocr_carea' id='block_1_4' title="bbox 360 834 2320 947">
    <p class='ocr_par' dir='ltr' id='par_1_4' title="bbox 360 834 2320 947">
     <span class='ocr_line' id='line_1_5' title="bbox 360 834 2320 947; baseline 0.013 -59"><span class='ocrx_word' id='word_1_19' title='bbox 360 834 442 905; x_wconf 84' lang='lat' dir='ltr'>Epist.</span> <span class='ocrx_word' id='word_1_20' title='bbox 458 837 500 889; x_wconf 85' lang='lat' dir='ltr'>lib.</span> <span class='ocrx_word' id='word_1_21' title='bbox 511 835 557 890; x_wconf 92' lang='lat' dir='ltr'>Vl.</span> <span class='ocrx_word' id='word_1_22' title='bbox 578 837 705 910; x_wconf 80' lang='lat' dir='ltr'>p.7sqq.</span> <span class='ocrx_word' id='word_1_23' title='bbox 722 864 755 881; x_wconf 92' lang='lat'><em>-</em></span> <span class='ocrx_word' id='word_1_24' title='bbox 791 837 976 909; x_wconf 74' lang='lat' dir='ltr'>Apograpbon</span> <span class='ocrx_word' id='word_1_25' title='bbox 993 836 1289 897; x_wconf 61' lang='lat' dir='ltr'>{neodtdonaetta</span> <span class='ocrx_word' id='word_1_26' title='bbox 1398 868 1708 942; x_wconf 44' lang='lat' dir='ltr'>Ep;,p·1;b·11·p·34·</span> <span class='ocrx_word' id='word_1_27' title='bbox 1732 871 2205 947; x_wconf 45' lang='lat' dir='ltr'>(ed.Loud·1;b‚1p‚0p,1p‚),..</span> <span class='ocrx_word' id='word_1_28' title='bbox 2239 871 2320 941; x_wconf 68' lang='grc' dir='ltr'><strong>Αρο.</strong></span> 
     </span>
    </p>
   </div>
   <div class='ocr_carea' id='block_1_5' title="bbox 395 906 2321 1012">
    <p class='ocr_par' dir='ltr' id='par_1_5' title="bbox 395 906 2321 1012">
     <span class='ocr_line' id='line_1_6' title="bbox 395 906 2321 1012; baseline 0.011 -42"><span class='ocrx_word' id='word_1_29' title='bbox 395 920 440 959; x_wconf 81' lang='lat'><strong>¹¹⁰·</strong></span> <span class='ocrx_word' id='word_1_30' title='bbox 455 907 500 958; x_wconf 75' lang='lat' dir='ltr'>lv·</span> <span class='ocrx_word' id='word_1_31' title='bbox 519 925 546 976; x_wconf 85' lang='lat' dir='ltr'>P·</span> <span class='ocrx_word' id='word_1_32' title='bbox 559 906 618 961; x_wconf 71' lang='lat'>²43·</span> <span class='ocrx_word' id='word_1_33' title='bbox 1432 939 1568 1008; x_wconf 76' lang='lat' dir='ltr'>graphan,</span> <span class='ocrx_word' id='word_1_34' title='bbox 1591 941 1637 993; x_wconf 85' lang='lat' dir='ltr'>sed</span> <span class='ocrx_word' id='word_1_35' title='bbox 1661 960 1717 993; x_wconf 87' lang='lat' dir='ltr'>non</span> <span class='ocrx_word' id='word_1_36' title='bbox 1730 940 1866 1012; x_wconf 73' lang='lat' dir='ltr'>integrum</span> <span class='ocrx_word' id='word_1_37' title='bbox 1882 953 1908 996; x_wconf 87' lang='lat' dir='ltr'>et</span> <span class='ocrx_word' id='word_1_38' title='bbox 1922 942 2046 995; x_wconf 78' lang='lat' dir='ltr'>desinens</span> <span class='ocrx_word' id='word_1_39' title='bbox 2062 942 2089 994; x_wconf 87' lang='lat' dir='ltr'>in</span> <span class='ocrx_word' id='word_1_40' title='bbox 2105 941 2206 994; x_wconf 82' lang='lat' dir='ltr'>verbis:</span> <span class='ocrx_word' id='word_1_41' title='bbox 2232 941 2321 992; x_wconf 82' lang='lat' dir='ltr'>Nevt&#39;o</span> 
     </span>
    </p>
   </div>
   <div class='ocr_carea' id='block_1_6' title="bbox 462 1006 2318 1150">
    <p class='ocr_par' dir='ltr' id='par_1_6' title="bbox 462 1006 2318 1150">
     <span class='ocr_line' id='line_1_7' title="bbox 462 1006 2318 1117; baseline 0.002 -59"><span class='ocrx_word' id='word_1_42' title='bbox 462 1040 580 1117; x_wconf 59' lang='lat' dir='ltr'><strong><em>Geor</em></strong></span> <span class='ocrx_word' id='word_1_43' title='bbox 626 1046 634 1063; x_wconf 91' lang='lat'><strong>.</strong></span> <span class='ocrx_word' id='word_1_44' title='bbox 703 1041 773 1116; x_wconf 78' lang='lat' dir='ltr'>P.</span> <span class='ocrx_word' id='word_1_45' title='bbox 826 1047 832 1064; x_wconf 92' lang='lat'><strong>.</strong></span> <span class='ocrx_word' id='word_1_46' title='bbox 865 1046 872 1064; x_wconf 94' lang='lat'><strong>.</strong></span> <span class='ocrx_word' id='word_1_47' title='bbox 886 1042 923 1116; x_wconf 69' lang='grc' dir='ltr'><em>Α</em></span> <span class='ocrx_word' id='word_1_48' title='bbox 950 1041 974 1116; x_wconf 53' lang='grc' dir='ltr'>Ι,</span> <span class='ocrx_word' id='word_1_49' title='bbox 1004 1045 1051 1117; x_wconf 72' lang='lat' dir='ltr'>l.</span> <span class='ocrx_word' id='word_1_50' title='bbox 1431 1011 1610 1077; x_wconf 79' lang='lat' dir='ltr'>colloqueris,</span> <span class='ocrx_word' id='word_1_51' title='bbox 1632 1009 1659 1061; x_wconf 88' lang='lat' dir='ltr'>in</span> <span class='ocrx_word' id='word_1_52' title='bbox 1682 1010 1743 1063; x_wconf 87' lang='lat' dir='ltr'>cod.</span> <span class='ocrx_word' id='word_1_53' title='bbox 1758 1011 1869 1067; x_wconf 87' lang='lat' dir='ltr'>Monac.</span> <span class='ocrx_word' id='word_1_54' title='bbox 1882 1011 1926 1066; x_wconf 84' lang='lat'>89.</span> <span class='ocrx_word' id='word_1_55' title='bbox 1943 1029 1991 1064; x_wconf 88' lang='lat' dir='ltr'>no.</span> <span class='ocrx_word' id='word_1_56' title='bbox 2004 1009 2050 1066; x_wconf 86' lang='lat' dir='ltr'>Vl.</span> <span class='ocrx_word' id='word_1_57' title='bbox 2068 1009 2151 1082; x_wconf 67' lang='lat' dir='ltr'>psi.</span> <span class='ocrx_word' id='word_1_58' title='bbox 2187 1006 2318 1065; x_wconf 75' lang='lat' dir='ltr'>Atiudin</span> 
     </span>
     <span class='ocr_line' id='line_1_8' title="bbox 582 1058 1764 1150; baseline 0.013 -35"><span class='ocrx_word' id='word_1_59' title='bbox 582 1071 679 1140; x_wconf 76' lang='lat' dir='ltr'>gro,</span> <span class='ocrx_word' id='word_1_60' title='bbox 737 1072 868 1145; x_wconf 76' lang='lat' dir='ltr'>rinccpc</span> <span class='ocrx_word' id='word_1_61' title='bbox 923 1075 946 1117; x_wconf 89' lang='lat' dir='ltr'>n</span> <span class='ocrx_word' id='word_1_62' title='bbox 977 1073 1000 1117; x_wconf 85' lang='lat' dir='ltr'>o</span> <span class='ocrx_word' id='word_1_63' title='bbox 1020 1058 1138 1120; x_wconf 45' lang='lat' dir='ltr'>linos</span> <span class='ocrx_word' id='word_1_64' title='bbox 1431 1079 1492 1130; x_wconf 81' lang='lat' dir='ltr'>cod.</span> <span class='ocrx_word' id='word_1_65' title='bbox 1509 1074 1589 1130; x_wconf 79' lang='lat' dir='ltr'>Goth.</span> <span class='ocrx_word' id='word_1_66' title='bbox 1604 1077 1663 1132; x_wconf 82' lang='lat'><strong>191.</strong></span> <span class='ocrx_word' id='word_1_67' title='bbox 1680 1097 1706 1150; x_wconf 82' lang='lat' dir='ltr'>p.</span> <span class='ocrx_word' id='word_1_68' title='bbox 1722 1078 1764 1133; x_wconf 73' lang='lat'>69.</span> 
     </span>
    </p>
   </div>
   <div class='ocr_carea' id='block_1_7' title="bbox 204 1143 2416 5207">
    <p class='ocr_par' dir='ltr' id='par_1_7' title="bbox 231 1143 2113 1359">
     <span class='ocr_line' id='line_1_9' title="bbox 231 1143 2085 1256; baseline 0.001 -24"><span class='ocrx_word' id='word_1_69' title='bbox 231 1178 234 1183; x_wconf 84' lang='lat'>&#39;</span> <span class='ocrx_word' id='word_1_70' title='bbox 292 1143 336 1232; x_wconf 79' lang='lat' dir='ltr'>S.</span> <span class='ocrx_word' id='word_1_71' title='bbox 359 1162 404 1236; x_wconf 91' lang='lat' dir='ltr'>D.</span> <span class='ocrx_word' id='word_1_72' title='bbox 455 1163 694 1234; x_wconf 91' lang='lat' dir='ltr'>Illustcissime</span> <span class='ocrx_word' id='word_1_73' title='bbox 709 1163 887 1256; x_wconf 90' lang='lat' dir='ltr'>Princeps.</span> <span class='ocrx_word' id='word_1_74' title='bbox 935 1162 1014 1236; x_wconf 89' lang='lat' dir='ltr'>Etsi</span> <span class='ocrx_word' id='word_1_75' title='bbox 1034 1166 1072 1234; x_wconf 91' lang='lat' dir='ltr'>in</span> <span class='ocrx_word' id='word_1_76' title='bbox 1096 1167 1201 1235; x_wconf 89' lang='lat' dir='ltr'>tantis</span> <span class='ocrx_word' id='word_1_77' title='bbox 1221 1180 1279 1236; x_wconf 87' lang='lat' dir='ltr'>tu-</span> <span class='ocrx_word' id='word_1_78' title='bbox 1817 1236 1826 1252; x_wconf 44' lang='lat'><em>⁰</em></span> <span class='ocrx_word' id='word_1_79' title='bbox 2078 1234 2085 1252; x_wconf 62' lang='grc'>,</span> 
     </span>
     <span class='ocr_line' id='line_1_10' title="bbox 272 1227 2113 1359; baseline -0.001 -25"><span class='ocrx_word' id='word_1_80' title='bbox 272 1355 273 1359; x_wconf 9' lang='lat'>¹</span> <span class='ocrx_word' id='word_1_81' title='bbox 291 1267 463 1336; x_wconf 88' lang='lat' dir='ltr'>multihus</span> <span class='ocrx_word' id='word_1_82' title='bbox 479 1266 729 1356; x_wconf 91' lang='lat' dir='ltr'>lmperiorum,</span> <span class='ocrx_word' id='word_1_83' title='bbox 756 1280 789 1335; x_wconf 92' lang='lat' dir='ltr'>et</span> <span class='ocrx_word' id='word_1_84' title='bbox 806 1268 984 1335; x_wconf 91' lang='lat' dir='ltr'>communi</span> <span class='ocrx_word' id='word_1_85' title='bbox 999 1269 1188 1352; x_wconf 83' lang='lat' dir='ltr'>moestitia,</span> <span class='ocrx_word' id='word_1_86' title='bbox 1211 1269 1279 1334; x_wconf 91' lang='lat' dir='ltr'>mi-</span> <span class='ocrx_word' id='word_1_87' title='bbox 1534 1227 1577 1300; x_wconf 83' lang='lat' dir='ltr'><em>D</em></span> <span class='ocrx_word' id='word_1_88' title='bbox 1578 1281 1588 1302; x_wconf 81' lang='grc'><strong><em>’</em></strong></span> <span class='ocrx_word' id='word_1_89' title='bbox 1611 1227 1822 1304; x_wconf 61' lang='lat' dir='ltr'>mmm</span> <span class='ocrx_word' id='word_1_90' title='bbox 1847 1231 2061 1308; x_wconf 56' lang='lat' dir='ltr'>Malthes</span> <span class='ocrx_word' id='word_1_91' title='bbox 2070 1261 2113 1307; x_wconf 78' lang='lat'>¹⁰</span> 
     </span>
    </p>

    <p class='ocr_par' dir='ltr' id='par_1_8' title="bbox 204 1339 2416 5104">
     <span class='ocr_line' id='line_1_11' title="bbox 291 1339 2320 1460; baseline 0 -23"><span class='ocrx_word' id='word_1_92' title='bbox 291 1392 360 1437; x_wconf 89' lang='lat' dir='ltr'>nus</span> <span class='ocrx_word' id='word_1_93' title='bbox 378 1368 552 1437; x_wconf 90' lang='lat' dir='ltr'>delectant</span> <span class='ocrx_word' id='word_1_94' title='bbox 568 1366 742 1436; x_wconf 91' lang='lat' dir='ltr'>studiosos</span> <span class='ocrx_word' id='word_1_95' title='bbox 762 1367 900 1452; x_wconf 88' lang='lat' dir='ltr'>literae,</span> <span class='ocrx_word' id='word_1_96' title='bbox 932 1382 1050 1436; x_wconf 86' lang='lat' dir='ltr'>tamen</span> <span class='ocrx_word' id='word_1_97' title='bbox 1068 1393 1187 1437; x_wconf 89' lang='lat' dir='ltr'>earum</span> <span class='ocrx_word' id='word_1_98' title='bbox 1207 1383 1279 1436; x_wconf 83' lang='lat' dir='ltr'>tra·</span> <span class='ocrx_word' id='word_1_99' title='bbox 1328 1339 1373 1431; x_wconf 81' lang='lat' dir='ltr'>S·</span> <span class='ocrx_word' id='word_1_100' title='bbox 1400 1360 1445 1436; x_wconf 88' lang='lat' dir='ltr'>D.</span> <span class='ocrx_word' id='word_1_101' title='bbox 1496 1362 1620 1435; x_wconf 87' lang='lat' dir='ltr'>Nescio</span> <span class='ocrx_word' id='word_1_102' title='bbox 1635 1370 1731 1436; x_wconf 91' lang='lat' dir='ltr'>unde</span> <span class='ocrx_word' id='word_1_103' title='bbox 1746 1369 1926 1455; x_wconf 86' lang='lat' dir='ltr'>exordiar,</span> <span class='ocrx_word' id='word_1_104' title='bbox 1957 1395 2037 1440; x_wconf 88' lang='lat' dir='ltr'>cum</span> <span class='ocrx_word' id='word_1_105' title='bbox 2059 1371 2151 1439; x_wconf 88' lang='lat' dir='ltr'>etde</span> <span class='ocrx_word' id='word_1_106' title='bbox 2167 1367 2320 1460; x_wconf 89' lang='lat' dir='ltr'>publicis</span> 
     </span>
     <span class='ocr_line' id='line_1_12' title="bbox 294 1462 2320 1560; baseline 0 -20"><span class='ocrx_word' id='word_1_107' title='bbox 294 1469 400 1540; x_wconf 90' lang='lat' dir='ltr'>ctatio</span> <span class='ocrx_word' id='word_1_108' title='bbox 430 1493 502 1536; x_wconf 94' lang='lat' dir='ltr'>non</span> <span class='ocrx_word' id='word_1_109' title='bbox 534 1492 679 1559; x_wconf 89' lang='lat' dir='ltr'>prorsus</span> <span class='ocrx_word' id='word_1_110' title='bbox 709 1469 903 1539; x_wconf 89' lang='lat' dir='ltr'>omittenda</span> <span class='ocrx_word' id='word_1_111' title='bbox 932 1483 1000 1552; x_wconf 91' lang='lat' dir='ltr'>est,</span> <span class='ocrx_word' id='word_1_112' title='bbox 1038 1483 1117 1539; x_wconf 91' lang='lat' dir='ltr'>eta</span> <span class='ocrx_word' id='word_1_113' title='bbox 1149 1469 1280 1538; x_wconf 86' lang='lat' dir='ltr'>divinis</span> <span class='ocrx_word' id='word_1_114' title='bbox 1329 1462 1542 1560; x_wconf 86' lang='lat' dir='ltr'>motibus¹)‚</span> <span class='ocrx_word' id='word_1_115' title='bbox 1583 1470 1686 1536; x_wconf 89' lang='lat' dir='ltr'>etde</span> <span class='ocrx_word' id='word_1_116' title='bbox 1715 1470 1860 1560; x_wconf 88' lang='lat' dir='ltr'>privatis</span> <span class='ocrx_word' id='word_1_117' title='bbox 1890 1471 1959 1542; x_wconf 88' lang='lat' dir='ltr'>tuis</span> <span class='ocrx_word' id='word_1_118' title='bbox 1984 1471 2170 1540; x_wconf 89' lang='lat' dir='ltr'>doloribus</span> <span class='ocrx_word' id='word_1_119' title='bbox 2193 1472 2237 1538; x_wconf 92' lang='lat' dir='ltr'>ad</span> <span class='ocrx_word' id='word_1_120' title='bbox 2262 1493 2320 1540; x_wconf 83' lang='lat' dir='ltr'>me</span> 
     </span>
     <span class='ocr_line' id='line_1_13' title="bbox 285 1566 2320 1664; baseline 0 -25"><span class='ocrx_word' id='word_1_121' title='bbox 285 1570 437 1664; x_wconf 78' lang='lat' dir='ltr'>‚quidem</span> <span class='ocrx_word' id='word_1_122' title='bbox 451 1570 521 1637; x_wconf 91' lang='lat' dir='ltr'>iam</span> <span class='ocrx_word' id='word_1_123' title='bbox 538 1570 666 1639; x_wconf 90' lang='lat' dir='ltr'>levatio</span> <span class='ocrx_word' id='word_1_124' title='bbox 684 1575 855 1662; x_wconf 91' lang='lat' dir='ltr'>quaedam</span> <span class='ocrx_word' id='word_1_125' title='bbox 871 1571 1035 1640; x_wconf 92' lang='lat' dir='ltr'>dolorum</span> <span class='ocrx_word' id='word_1_126' title='bbox 1051 1573 1201 1661; x_wconf 88' lang='lat' dir='ltr'>petenda</span> <span class='ocrx_word' id='word_1_127' title='bbox 1218 1585 1279 1644; x_wconf 91' lang='lat' dir='ltr'>est.</span> <span class='ocrx_word' id='word_1_128' title='bbox 1331 1566 1520 1655; x_wconf 80' lang='lat' dir='ltr'><strong>scripseris.</strong></span> <span class='ocrx_word' id='word_1_129' title='bbox 1571 1566 1642 1638; x_wconf 85' lang='lat' dir='ltr'>Sed</span> <span class='ocrx_word' id='word_1_130' title='bbox 1662 1571 1944 1656; x_wconf 83' lang='lat' dir='ltr'>meminerimus,</span> <span class='ocrx_word' id='word_1_131' title='bbox 1970 1597 2090 1642; x_wconf 90' lang='lat' dir='ltr'>omnes</span> <span class='ocrx_word' id='word_1_132' title='bbox 2107 1571 2320 1663; x_wconf 88' lang='lat' dir='ltr'>calamitates</span> 
     </span>
     <span class='ocr_line' id='line_1_14' title="bbox 291 1666 2321 1761; baseline -0 -19"><span class='ocrx_word' id='word_1_133' title='bbox 291 1669 395 1742; x_wconf 85' lang='lat' dir='ltr'>Hanc</span> <span class='ocrx_word' id='word_1_134' title='bbox 419 1670 628 1739; x_wconf 88' lang='lat' dir='ltr'>senteutiam</span> <span class='ocrx_word' id='word_1_135' title='bbox 654 1684 688 1740; x_wconf 92' lang='lat' dir='ltr'>et</span> <span class='ocrx_word' id='word_1_136' title='bbox 713 1666 801 1739; x_wconf 88' lang='lat' dir='ltr'>mihi</span> <span class='ocrx_word' id='word_1_137' title='bbox 827 1686 861 1741; x_wconf 87' lang='lat' dir='ltr'>et</span> <span class='ocrx_word' id='word_1_138' title='bbox 885 1673 964 1740; x_wconf 92' lang='lat' dir='ltr'>aliis</span> <span class='ocrx_word' id='word_1_139' title='bbox 988 1695 1089 1761; x_wconf 81' lang='lat' dir='ltr'><strong>saepe</strong></span> <span class='ocrx_word' id='word_1_140' title='bbox 1123 1673 1193 1740; x_wconf 88' lang='lat' dir='ltr'>iam</span> <span class='ocrx_word' id='word_1_141' title='bbox 1223 1672 1278 1740; x_wconf 85' lang='lat' dir='ltr'>in·</span> <span class='ocrx_word' id='word_1_142' title='bbox 1331 1668 1490 1755; x_wconf 89' lang='lat' dir='ltr'>publicas</span> <span class='ocrx_word' id='word_1_143' title='bbox 1514 1681 1546 1737; x_wconf 86' lang='lat' dir='ltr'>et</span> <span class='ocrx_word' id='word_1_144' title='bbox 1569 1670 1739 1758; x_wconf 89' lang='lat' dir='ltr'>privatas,</span> <span class='ocrx_word' id='word_1_145' title='bbox 1778 1695 1844 1741; x_wconf 87' lang='lat' dir='ltr'>uos</span> <span class='ocrx_word' id='word_1_146' title='bbox 1864 1668 2018 1756; x_wconf 90' lang='lat' dir='ltr'>hortari,</span> <span class='ocrx_word' id='word_1_147' title='bbox 2054 1671 2227 1743; x_wconf 88' lang='lat' dir='ltr'>utDeum</span> <span class='ocrx_word' id='word_1_148' title='bbox 2250 1669 2321 1741; x_wconf 91' lang='lat' dir='ltr'>Pa-</span> 
     </span>
     <span class='ocr_line' id='line_1_15' title="bbox 294 1765 2321 1865; baseline 0 -25"><span class='ocrx_word' id='word_1_149' title='bbox 294 1773 412 1856; x_wconf 89' lang='lat' dir='ltr'>culco,</span> <span class='ocrx_word' id='word_1_150' title='bbox 446 1786 479 1842; x_wconf 91' lang='lat' dir='ltr'>et</span> <span class='ocrx_word' id='word_1_151' title='bbox 501 1772 659 1861; x_wconf 77' lang='lat' dir='ltr'><strong>intelligo</strong></span> <span class='ocrx_word' id='word_1_152' title='bbox 679 1765 944 1842; x_wconf 80' lang='lat' dir='ltr'>Bernhardum</span> <span class='ocrx_word' id='word_1_153' title='bbox 966 1768 1177 1865; x_wconf 76' lang='lat' dir='ltr'>Ziglerum,</span> <span class='ocrx_word' id='word_1_154' title='bbox 1217 1774 1280 1842; x_wconf 84' lang='lat' dir='ltr'>etsi</span> <span class='ocrx_word' id='word_1_155' title='bbox 1331 1779 1420 1837; x_wconf 89' lang='lat' dir='ltr'>trem</span> <span class='ocrx_word' id='word_1_156' title='bbox 1439 1783 1619 1837; x_wconf 90' lang='lat' dir='ltr'>aeternum</span> <span class='ocrx_word' id='word_1_157' title='bbox 1633 1769 1779 1841; x_wconf 89' lang='lat' dir='ltr'>Domini</span> <span class='ocrx_word' id='word_1_158' title='bbox 1797 1775 1908 1843; x_wconf 89' lang='lat' dir='ltr'>nostri</span> <span class='ocrx_word' id='word_1_159' title='bbox 1926 1773 2004 1844; x_wconf 89' lang='lat' dir='ltr'>lesu</span> <span class='ocrx_word' id='word_1_160' title='bbox 2019 1770 2153 1845; x_wconf 80' lang='lat' dir='ltr'>Christi</span> <span class='ocrx_word' id='word_1_161' title='bbox 2175 1773 2321 1842; x_wconf 86' lang='lat' dir='ltr'>invoce-</span> 
     </span>
     <span class='ocr_line' id='line_1_16' title="bbox 293 1870 2321 1965; baseline -0.001 -19"><span class='ocrx_word' id='word_1_162' title='bbox 293 1898 365 1946; x_wconf 90' lang='lat' dir='ltr'>una</span> <span class='ocrx_word' id='word_1_163' title='bbox 381 1874 568 1943; x_wconf 89' lang='lat' dir='ltr'>nobiscum</span> <span class='ocrx_word' id='word_1_164' title='bbox 584 1876 745 1965; x_wconf 88' lang='lat' dir='ltr'><strong>rempub.</strong></span> <span class='ocrx_word' id='word_1_165' title='bbox 763 1876 876 1964; x_wconf 80' lang='lat' dir='ltr'>luget,</span> <span class='ocrx_word' id='word_1_166' title='bbox 911 1889 1025 1943; x_wconf 83' lang='lat' dir='ltr'>tamen</span> <span class='ocrx_word' id='word_1_167' title='bbox 1044 1870 1109 1944; x_wconf 90' lang='lat' dir='ltr'>hoc</span> <span class='ocrx_word' id='word_1_168' title='bbox 1132 1875 1280 1944; x_wconf 85' lang='lat' dir='ltr'>consilio</span> <span class='ocrx_word' id='word_1_169' title='bbox 1332 1894 1425 1953; x_wconf 90' lang='lat' dir='ltr'>mus,</span> <span class='ocrx_word' id='word_1_170' title='bbox 1456 1870 1518 1961; x_wconf 90' lang='lat' dir='ltr'>qui</span> <span class='ocrx_word' id='word_1_171' title='bbox 1539 1893 1575 1938; x_wconf 90' lang='lat' dir='ltr'>se</span> <span class='ocrx_word' id='word_1_172' title='bbox 1596 1871 1676 1941; x_wconf 91' lang='lat' dir='ltr'>ideo</span> <span class='ocrx_word' id='word_1_173' title='bbox 1692 1888 1762 1943; x_wconf 89' lang='lat' dir='ltr'>tam</span> <span class='ocrx_word' id='word_1_174' title='bbox 1780 1874 1978 1945; x_wconf 80' lang='lat' dir='ltr'>illustribus</span> <span class='ocrx_word' id='word_1_175' title='bbox 1995 1876 2205 1945; x_wconf 79' lang='lat' dir='ltr'>testimoniis</span> <span class='ocrx_word' id='word_1_176' title='bbox 2221 1887 2321 1965; x_wconf 88' lang='lat' dir='ltr'>pate-</span> 
     </span>
     <span class='ocr_line' id='line_1_17' title="bbox 292 1972 2320 2066; baseline -0.001 -20"><span class='ocrx_word' id='word_1_177' title='bbox 292 2000 366 2046; x_wconf 90' lang='lat' dir='ltr'>non</span> <span class='ocrx_word' id='word_1_178' title='bbox 388 1978 595 2066; x_wconf 89' lang='lat' dir='ltr'>abrumpere</span> <span class='ocrx_word' id='word_1_179' title='bbox 618 2000 740 2066; x_wconf 89' lang='lat' dir='ltr'>operas</span> <span class='ocrx_word' id='word_1_180' title='bbox 758 1972 1001 2049; x_wconf 80' lang='lat' dir='ltr'>scholasticas.</span> <span class='ocrx_word' id='word_1_181' title='bbox 1053 1973 1144 2045; x_wconf 89' lang='lat' dir='ltr'>Cum</span> <span class='ocrx_word' id='word_1_182' title='bbox 1164 1991 1280 2045; x_wconf 91' lang='lat' dir='ltr'>autem</span> <span class='ocrx_word' id='word_1_183' title='bbox 1331 1973 1434 2055; x_wconf 87' lang='lat' dir='ltr'>fecit,</span> <span class='ocrx_word' id='word_1_184' title='bbox 1467 1987 1506 2039; x_wconf 91' lang='lat' dir='ltr'>ut</span> <span class='ocrx_word' id='word_1_185' title='bbox 1527 1985 1712 2044; x_wconf 89' lang='lat' dir='ltr'>testaretur</span> <span class='ocrx_word' id='word_1_186' title='bbox 1728 1997 1763 2044; x_wconf 86' lang='lat' dir='ltr'>se</span> <span class='ocrx_word' id='word_1_187' title='bbox 1780 2000 1845 2045; x_wconf 93' lang='lat' dir='ltr'>nos</span> <span class='ocrx_word' id='word_1_188' title='bbox 1862 2001 1997 2050; x_wconf 89' lang='lat' dir='ltr'>curare.</span> <span class='ocrx_word' id='word_1_189' title='bbox 2048 1975 2253 2061; x_wconf 87' lang='lat' dir='ltr'>Huncoro,</span> <span class='ocrx_word' id='word_1_190' title='bbox 2279 1988 2320 2044; x_wconf 91' lang='lat' dir='ltr'>ut</span> 
     </span>
     <span class='ocr_line' id='line_1_18' title="bbox 292 2069 2321 2171; baseline -0 -25"><span class='ocrx_word' id='word_1_191' title='bbox 292 2091 438 2170; x_wconf 89' lang='lat' dir='ltr'>propter</span> <span class='ocrx_word' id='word_1_192' title='bbox 453 2072 601 2148; x_wconf 87' lang='lat' dir='ltr'>Scholae</span> <span class='ocrx_word' id='word_1_193' title='bbox 624 2079 936 2162; x_wconf 85' lang='lat' dir='ltr'>consuetudinem,</span> <span class='ocrx_word' id='word_1_194' title='bbox 968 2101 1064 2146; x_wconf 88' lang='lat' dir='ltr'>nunc</span> <span class='ocrx_word' id='word_1_195' title='bbox 1086 2077 1190 2146; x_wconf 86' lang='lat' dir='ltr'>titulo</span> <span class='ocrx_word' id='word_1_196' title='bbox 1205 2075 1281 2155; x_wconf 85' lang='lat' dir='ltr'>Do·</span> <span class='ocrx_word' id='word_1_197' title='bbox 1331 2086 1445 2141; x_wconf 89' lang='lat' dir='ltr'>servet</span> <span class='ocrx_word' id='word_1_198' title='bbox 1466 2086 1498 2140; x_wconf 89' lang='lat' dir='ltr'>te</span> <span class='ocrx_word' id='word_1_199' title='bbox 1521 2087 1553 2140; x_wconf 91' lang='lat' dir='ltr'>et</span> <span class='ocrx_word' id='word_1_200' title='bbox 1576 2069 1857 2145; x_wconf 82' lang='lat' dir='ltr'>honestissimam</span> <span class='ocrx_word' id='word_1_201' title='bbox 1879 2081 2064 2171; x_wconf 85' lang='lat' dir='ltr'>coniugem</span> <span class='ocrx_word' id='word_1_202' title='bbox 2082 2091 2191 2147; x_wconf 85' lang='lat' dir='ltr'>tuam.</span> <span class='ocrx_word' id='word_1_203' title='bbox 2241 2073 2321 2146; x_wconf 76' lang='lat' dir='ltr'>Ab·-</span> 
     </span>
     <span class='ocr_line' id='line_1_19' title="bbox 295 2168 2321 2264; baseline -0.003 -14"><span class='ocrx_word' id='word_1_204' title='bbox 295 2193 452 2262; x_wconf 87' lang='lat' dir='ltr'>ctorum‚</span> <span class='ocrx_word' id='word_1_205' title='bbox 489 2191 529 2247; x_wconf 91' lang='lat' dir='ltr'>ut</span> <span class='ocrx_word' id='word_1_206' title='bbox 556 2190 703 2257; x_wconf 88' lang='lat' dir='ltr'>vocant,</span> <span class='ocrx_word' id='word_1_207' title='bbox 744 2182 925 2248; x_wconf 89' lang='lat' dir='ltr'>ornandus</span> <span class='ocrx_word' id='word_1_208' title='bbox 953 2180 1014 2263; x_wconf 92' lang='lat' dir='ltr'>sit;</span> <span class='ocrx_word' id='word_1_209' title='bbox 1056 2193 1090 2248; x_wconf 89' lang='lat' dir='ltr'>et</span> <span class='ocrx_word' id='word_1_210' title='bbox 1113 2179 1280 2249; x_wconf 89' lang='lat' dir='ltr'>usitatum</span> <span class='ocrx_word' id='word_1_211' title='bbox 1332 2187 1430 2242; x_wconf 92' lang='lat' dir='ltr'>ortus</span> <span class='ocrx_word' id='word_1_212' title='bbox 1457 2175 1495 2241; x_wconf 92' lang='lat' dir='ltr'>in</span> <span class='ocrx_word' id='word_1_213' title='bbox 1522 2168 1578 2241; x_wconf 92' lang='lat' dir='ltr'>his</span> <span class='ocrx_word' id='word_1_214' title='bbox 1603 2177 1806 2264; x_wconf 85' lang='lat' dir='ltr'>regionibus</span> <span class='ocrx_word' id='word_1_215' title='bbox 1831 2180 1972 2250; x_wconf 90' lang='lat' dir='ltr'>crebros</span> <span class='ocrx_word' id='word_1_216' title='bbox 1994 2203 2067 2249; x_wconf 90' lang='lat' dir='ltr'>esse</span> <span class='ocrx_word' id='word_1_217' title='bbox 2086 2176 2321 2247; x_wconf 86' lang='lat' dir='ltr'>animadverti</span> 
     </span>
     <span class='ocr_line' id='line_1_20' title="bbox 294 2276 2321 2373; baseline -0.002 -23"><span class='ocrx_word' id='word_1_218' title='bbox 294 2277 395 2371; x_wconf 87' lang='lat' dir='ltr'>sit¹),</span> <span class='ocrx_word' id='word_1_219' title='bbox 434 2292 514 2372; x_wconf 82' lang='lat' dir='ltr'>post</span> <span class='ocrx_word' id='word_1_220' title='bbox 542 2278 719 2370; x_wconf 85' lang='lat' dir='ltr'>publicam</span> <span class='ocrx_word' id='word_1_221' title='bbox 744 2281 1048 2349; x_wconf 83' lang='lat' dir='ltr'>renunciationem</span> <span class='ocrx_word' id='word_1_222' title='bbox 1079 2278 1281 2363; x_wconf 87' lang='lat' dir='ltr'>testimonii,</span> <span class='ocrx_word' id='word_1_223' title='bbox 1331 2290 1476 2366; x_wconf 88' lang='lat' dir='ltr'>propter</span> <span class='ocrx_word' id='word_1_224' title='bbox 1499 2276 1667 2363; x_wconf 86' lang='lat' dir='ltr'>frigidum</span> <span class='ocrx_word' id='word_1_225' title='bbox 1691 2290 1831 2368; x_wconf 86' lang='lat' dir='ltr'>potum,</span> <span class='ocrx_word' id='word_1_226' title='bbox 1869 2304 1974 2373; x_wconf 90' lang='lat' dir='ltr'>quem</span> <span class='ocrx_word' id='word_1_227' title='bbox 1999 2294 2126 2350; x_wconf 91' lang='lat' dir='ltr'>vocant</span> <span class='ocrx_word' id='word_1_228' title='bbox 2148 2281 2321 2348; x_wconf 88' lang='lat' dir='ltr'>secunda·</span> 
     </span>
     <span class='ocr_line' id='line_1_21' title="bbox 294 2374 2322 2471; baseline -0.001 -19"><span class='ocrx_word' id='word_1_229' title='bbox 294 2381 436 2470; x_wconf 81' lang='lat' dir='ltr'>collegis</span> <span class='ocrx_word' id='word_1_230' title='bbox 460 2382 617 2449; x_wconf 90' lang='lat' dir='ltr'>eiusdem</span> <span class='ocrx_word' id='word_1_231' title='bbox 640 2380 790 2464; x_wconf 90' lang='lat' dir='ltr'>laboris,</span> <span class='ocrx_word' id='word_1_232' title='bbox 829 2384 874 2450; x_wconf 94' lang='lat' dir='ltr'>ad</span> <span class='ocrx_word' id='word_1_233' title='bbox 902 2383 1169 2470; x_wconf 79' lang='lat' dir='ltr'>significandam</span> <span class='ocrx_word' id='word_1_234' title='bbox 1196 2406 1281 2449; x_wconf 88' lang='lat' dir='ltr'>con·</span> <span class='ocrx_word' id='word_1_235' title='bbox 1332 2377 1421 2445; x_wconf 89' lang='lat' dir='ltr'>riam</span> <span class='ocrx_word' id='word_1_236' title='bbox 1436 2374 1667 2457; x_wconf 90' lang='lat' dir='ltr'>Cerevisiam,</span> <span class='ocrx_word' id='word_1_237' title='bbox 1690 2404 1793 2471; x_wconf 90' lang='lat' dir='ltr'>quam</span> <span class='ocrx_word' id='word_1_238' title='bbox 1810 2383 1883 2450; x_wconf 86' lang='lat' dir='ltr'>sere</span> <span class='ocrx_word' id='word_1_239' title='bbox 1897 2383 2027 2452; x_wconf 93' lang='lat' dir='ltr'>bibunt</span> <span class='ocrx_word' id='word_1_240' title='bbox 2039 2381 2215 2451; x_wconf 87' lang='lat' dir='ltr'>mulieres.</span> <span class='ocrx_word' id='word_1_241' title='bbox 2245 2376 2322 2450; x_wconf 90' lang='lat' dir='ltr'>Cu-</span> 
     </span>
     <span class='ocr_line' id='line_1_22' title="bbox 293 2478 2322 2573; baseline -0.001 -21"><span class='ocrx_word' id='word_1_242' title='bbox 293 2482 513 2553; x_wconf 87' lang='lat' dir='ltr'>iunctiduem</span> <span class='ocrx_word' id='word_1_243' title='bbox 528 2481 746 2567; x_wconf 89' lang='lat' dir='ltr'>animorum,</span> <span class='ocrx_word' id='word_1_244' title='bbox 769 2483 972 2552; x_wconf 89' lang='lat' dir='ltr'>convivium</span> <span class='ocrx_word' id='word_1_245' title='bbox 988 2482 1179 2566; x_wconf 90' lang='lat' dir='ltr'>instruere,</span> <span class='ocrx_word' id='word_1_246' title='bbox 1205 2496 1282 2551; x_wconf 90' lang='lat' dir='ltr'>orat</span> <span class='ocrx_word' id='word_1_247' title='bbox 1332 2478 1428 2545; x_wconf 92' lang='lat' dir='ltr'>rabis</span> <span class='ocrx_word' id='word_1_248' title='bbox 1452 2478 1560 2566; x_wconf 86' lang='lat' dir='ltr'>igitur</span> <span class='ocrx_word' id='word_1_249' title='bbox 1581 2497 1661 2546; x_wconf 85' lang='lat' dir='ltr'>tuae</span> <span class='ocrx_word' id='word_1_250' title='bbox 1683 2481 1823 2570; x_wconf 84' lang='lat' dir='ltr'>coniugi</span> <span class='ocrx_word' id='word_1_251' title='bbox 1847 2496 1968 2573; x_wconf 90' lang='lat' dir='ltr'>potum</span> <span class='ocrx_word' id='word_1_252' title='bbox 1992 2484 2205 2572; x_wconf 87' lang='lat' dir='ltr'>pleniorem,</span> <span class='ocrx_word' id='word_1_253' title='bbox 2226 2483 2322 2551; x_wconf 89' lang='lat' dir='ltr'>etde</span> 
     </span>
     <span class='ocr_line' id='line_1_23' title="bbox 293 2575 2323 2677; baseline -0.001 -24"><span class='ocrx_word' id='word_1_254' title='bbox 293 2584 364 2654; x_wconf 92' lang='lat' dir='ltr'>sibi</span> <span class='ocrx_word' id='word_1_255' title='bbox 384 2584 534 2651; x_wconf 89' lang='lat' dir='ltr'>ferinam</span> <span class='ocrx_word' id='word_1_256' title='bbox 557 2595 698 2650; x_wconf 88' lang='lat' dir='ltr'>carnem</span> <span class='ocrx_word' id='word_1_257' title='bbox 721 2583 858 2657; x_wconf 88' lang='lat' dir='ltr'>donari.</span> <span class='ocrx_word' id='word_1_258' title='bbox 917 2583 998 2654; x_wconf 89' lang='lat' dir='ltr'>Scio</span> <span class='ocrx_word' id='word_1_259' title='bbox 1022 2583 1129 2652; x_wconf 91' lang='lat' dir='ltr'>nimis</span> <span class='ocrx_word' id='word_1_260' title='bbox 1152 2585 1282 2652; x_wconf 91' lang='lat' dir='ltr'>multos</span> <span class='ocrx_word' id='word_1_261' title='bbox 1334 2575 1398 2646; x_wconf 89' lang='lat' dir='ltr'>hac</span> <span class='ocrx_word' id='word_1_262' title='bbox 1419 2578 1493 2669; x_wconf 90' lang='lat' dir='ltr'>ipsa</span> <span class='ocrx_word' id='word_1_263' title='bbox 1514 2604 1614 2648; x_wconf 90' lang='lat' dir='ltr'>causa</span> <span class='ocrx_word' id='word_1_264' title='bbox 1631 2604 1711 2649; x_wconf 90' lang='lat' dir='ltr'>cum</span> <span class='ocrx_word' id='word_1_265' title='bbox 1728 2579 1772 2649; x_wconf 87' lang='lat' dir='ltr'>D.</span> <span class='ocrx_word' id='word_1_266' title='bbox 1785 2578 1909 2659; x_wconf 31' lang='lat' dir='ltr'>Navio.</span> <span class='ocrx_word' id='word_1_267' title='bbox 1921 2585 2143 2677; x_wconf 89' lang='lat' dir='ltr'>colloqueris.</span> <span class='ocrx_word' id='word_1_268' title='bbox 2193 2581 2323 2652; x_wconf 89' lang='lat' dir='ltr'>Publi-</span> 
     </span>
     <span class='ocr_line' id='line_1_24' title="bbox 293 2680 2322 2777; baseline -0.003 -20"><span class='ocrx_word' id='word_1_269' title='bbox 293 2682 363 2757; x_wconf 89' lang='lat' dir='ltr'>hoc</span> <span class='ocrx_word' id='word_1_270' title='bbox 378 2686 485 2753; x_wconf 91' lang='lat' dir='ltr'>modo</span> <span class='ocrx_word' id='word_1_271' title='bbox 503 2683 541 2751; x_wconf 92' lang='lat' dir='ltr'>in</span> <span class='ocrx_word' id='word_1_272' title='bbox 557 2683 681 2754; x_wconf 88' lang='lat' dir='ltr'>vestris</span> <span class='ocrx_word' id='word_1_273' title='bbox 696 2683 803 2777; x_wconf 88' lang='lat' dir='ltr'>sylvis</span> <span class='ocrx_word' id='word_1_274' title='bbox 817 2685 955 2769; x_wconf 83' lang='lat' dir='ltr'>venari,</span> <span class='ocrx_word' id='word_1_275' title='bbox 990 2685 1052 2776; x_wconf 91' lang='lat' dir='ltr'>qui</span> <span class='ocrx_word' id='word_1_276' title='bbox 1069 2685 1156 2753; x_wconf 92' lang='lat' dir='ltr'>alibi</span> <span class='ocrx_word' id='word_1_277' title='bbox 1177 2685 1281 2754; x_wconf 90' lang='lat' dir='ltr'>etiam</span> <span class='ocrx_word' id='word_1_278' title='bbox 1334 2703 1392 2748; x_wconf 90' lang='lat' dir='ltr'>cos</span> <span class='ocrx_word' id='word_1_279' title='bbox 1421 2680 1593 2750; x_wconf 89' lang='lat' dir='ltr'>tumultus</span> <span class='ocrx_word' id='word_1_280' title='bbox 1620 2683 1723 2750; x_wconf 88' lang='lat' dir='ltr'>etiam</span> <span class='ocrx_word' id='word_1_281' title='bbox 1742 2681 1825 2755; x_wconf 62' lang='lat' dir='ltr'>⁴Deo</span> <span class='ocrx_word' id='word_1_282' title='bbox 1854 2693 2141 2754; x_wconf 87' lang='lat' dir='ltr'>commendemus</span> <span class='ocrx_word' id='word_1_283' title='bbox 2172 2684 2322 2753; x_wconf 80' lang='lat' dir='ltr'>assiduis</span> 
     </span>
     <span class='ocr_line' id='line_1_25' title="bbox 295 2780 2323 2879; baseline -0.002 -22"><span class='ocrx_word' id='word_1_284' title='bbox 295 2786 456 2857; x_wconf 88' lang='lat' dir='ltr'>invenire</span> <span class='ocrx_word' id='word_1_285' title='bbox 478 2787 644 2876; x_wconf 87' lang='lat' dir='ltr'>praedam</span> <span class='ocrx_word' id='word_1_286' title='bbox 666 2800 819 2875; x_wconf 87' lang='lat' dir='ltr'>possent.</span> <span class='ocrx_word' id='word_1_287' title='bbox 870 2785 941 2856; x_wconf 88' lang='lat' dir='ltr'>Sed</span> <span class='ocrx_word' id='word_1_288' title='bbox 957 2782 1131 2875; x_wconf 86' lang='lat' dir='ltr'>Theologi</span> <span class='ocrx_word' id='word_1_289' title='bbox 1154 2808 1283 2876; x_wconf 91' lang='lat' dir='ltr'>paucos</span> <span class='ocrx_word' id='word_1_290' title='bbox 1333 2782 1509 2871; x_wconf 88' lang='lat' dir='ltr'>precibus.</span> <span class='ocrx_word' id='word_1_291' title='bbox 1557 2780 1650 2852; x_wconf 87' lang='lat' dir='ltr'>Satis</span> <span class='ocrx_word' id='word_1_292' title='bbox 1671 2784 1765 2852; x_wconf 90' lang='lat' dir='ltr'>enim</span> <span class='ocrx_word' id='word_1_293' title='bbox 1790 2800 1934 2878; x_wconf 90' lang='lat' dir='ltr'>apparet</span> <span class='ocrx_word' id='word_1_294' title='bbox 1955 2788 2158 2879; x_wconf 91' lang='lat' dir='ltr'>impendere</span> <span class='ocrx_word' id='word_1_295' title='bbox 2179 2785 2323 2853; x_wconf 81' lang='lat' dir='ltr'>fatalem</span> 
     </span>
     <span class='ocr_line' id='line_1_26' title="bbox 294 2882 2323 2982; baseline -0.003 -23"><span class='ocrx_word' id='word_1_296' title='bbox 294 2884 427 2959; x_wconf 88' lang='lat' dir='ltr'>habent</span> <span class='ocrx_word' id='word_1_297' title='bbox 440 2899 597 2977; x_wconf 89' lang='lat' dir='ltr'>potentes</span> <span class='ocrx_word' id='word_1_298' title='bbox 610 2887 751 2954; x_wconf 91' lang='lat' dir='ltr'>amicos.</span> <span class='ocrx_word' id='word_1_299' title='bbox 777 2886 868 2958; x_wconf 85' lang='lat' dir='ltr'>Cum</span> <span class='ocrx_word' id='word_1_300' title='bbox 882 2901 1076 2957; x_wconf 88' lang='lat' dir='ltr'>autemate</span> <span class='ocrx_word' id='word_1_301' title='bbox 1091 2900 1124 2955; x_wconf 90' lang='lat' dir='ltr'>et</span> <span class='ocrx_word' id='word_1_302' title='bbox 1138 2890 1183 2955; x_wconf 89' lang='lat' dir='ltr'>ab</span> <span class='ocrx_word' id='word_1_303' title='bbox 1196 2885 1284 2955; x_wconf 92' lang='lat' dir='ltr'>lllu-</span> <span class='ocrx_word' id='word_1_304' title='bbox 1334 2882 1600 2951; x_wconf 89' lang='lat' dir='ltr'>conversionem</span> <span class='ocrx_word' id='word_1_305' title='bbox 1629 2883 1880 2976; x_wconf 89' lang='lat' dir='ltr'>imperiorum,</span> <span class='ocrx_word' id='word_1_306' title='bbox 1920 2914 1988 2982; x_wconf 88' lang='lat' dir='ltr'>qua</span> <span class='ocrx_word' id='word_1_307' title='bbox 2017 2889 2122 2958; x_wconf 90' lang='lat' dir='ltr'>etiam</span> <span class='ocrx_word' id='word_1_308' title='bbox 2142 2883 2323 2956; x_wconf 84' lang='lat' dir='ltr'>Ecclesiae</span> 
     </span>
     <span class='ocr_line' id='line_1_27' title="bbox 295 2979 2322 3079; baseline -0.002 -20"><span class='ocrx_word' id='word_1_309' title='bbox 295 2989 475 3067; x_wconf 85' lang='lat' dir='ltr'>strissimis</span> <span class='ocrx_word' id='word_1_310' title='bbox 491 2988 658 3056; x_wconf 88' lang='lat' dir='ltr'>fratribus</span> <span class='ocrx_word' id='word_1_311' title='bbox 681 2987 769 3072; x_wconf 88' lang='lat' dir='ltr'>tuis,</span> <span class='ocrx_word' id='word_1_312' title='bbox 801 2989 911 3056; x_wconf 89' lang='lat' dir='ltr'>amari</span> <span class='ocrx_word' id='word_1_313' title='bbox 928 2985 1119 3058; x_wconf 89' lang='lat' dir='ltr'>Ecclesiam</span> <span class='ocrx_word' id='word_1_314' title='bbox 1134 2985 1224 3071; x_wconf 90' lang='lat' dir='ltr'>Dei,</span> <span class='ocrx_word' id='word_1_315' title='bbox 1250 3001 1284 3056; x_wconf 91' lang='lat' dir='ltr'>et</span> <span class='ocrx_word' id='word_1_316' title='bbox 1334 2997 1367 3050; x_wconf 92' lang='lat' dir='ltr'>et</span> <span class='ocrx_word' id='word_1_317' title='bbox 1384 2979 1670 3079; x_wconf 85' lang='lat' dir='ltr'>Academiolae²)</span> <span class='ocrx_word' id='word_1_318' title='bbox 1687 2990 1966 3078; x_wconf 90' lang='lat' dir='ltr'>quassabuntur,</span> <span class='ocrx_word' id='word_1_319' title='bbox 1999 2992 2057 3058; x_wconf 88' lang='lat' dir='ltr'>sed</span> <span class='ocrx_word' id='word_1_320' title='bbox 2082 3001 2197 3058; x_wconf 89' lang='lat' dir='ltr'>tamen</span> <span class='ocrx_word' id='word_1_321' title='bbox 2219 3008 2322 3078; x_wconf 89' lang='lat' dir='ltr'>spero</span> 
     </span>
     <span class='ocr_line' id='line_1_28' title="bbox 295 3082 2324 3180; baseline -0.003 -18"><span class='ocrx_word' id='word_1_322' title='bbox 295 3086 472 3162; x_wconf 86' lang='lat' dir='ltr'>Ecclesiae</span> <span class='ocrx_word' id='word_1_323' title='bbox 488 3088 603 3158; x_wconf 91' lang='lat' dir='ltr'>studia</span> <span class='ocrx_word' id='word_1_324' title='bbox 620 3088 721 3173; x_wconf 88' lang='lat' dir='ltr'>sciat,</span> <span class='ocrx_word' id='word_1_325' title='bbox 753 3090 895 3158; x_wconf 77' lang='lat' dir='ltr'>arobis</span> <span class='ocrx_word' id='word_1_326' title='bbox 912 3103 1026 3180; x_wconf 88' lang='lat' dir='ltr'>petere</span> <span class='ocrx_word' id='word_1_327' title='bbox 1044 3090 1191 3158; x_wconf 87' lang='lat' dir='ltr'>lerinam</span> <span class='ocrx_word' id='word_1_328' title='bbox 1209 3112 1283 3156; x_wconf 92' lang='lat' dir='ltr'>uon</span> <span class='ocrx_word' id='word_1_329' title='bbox 1333 3082 1449 3154; x_wconf 90' lang='lat' dir='ltr'>Deum</span> <span class='ocrx_word' id='word_1_330' title='bbox 1463 3099 1682 3155; x_wconf 89' lang='lat' dir='ltr'>servaturum</span> <span class='ocrx_word' id='word_1_331' title='bbox 1700 3112 1772 3157; x_wconf 89' lang='lat' dir='ltr'>esse</span> <span class='ocrx_word' id='word_1_332' title='bbox 1790 3092 1988 3161; x_wconf 90' lang='lat' dir='ltr'>studiorum</span> <span class='ocrx_word' id='word_1_333' title='bbox 2011 3086 2240 3159; x_wconf 89' lang='lat' dir='ltr'>honestorum</span> <span class='ocrx_word' id='word_1_334' title='bbox 2264 3110 2324 3156; x_wconf 89' lang='lat' dir='ltr'>re-</span> 
     </span>
     <span class='ocr_line' id='line_1_29' title="bbox 297 3184 2323 3279; baseline -0.001 -17"><span class='ocrx_word' id='word_1_335' title='bbox 297 3192 482 3264; x_wconf 87' lang='lat' dir='ltr'>dubitavit.</span> <span class='ocrx_word' id='word_1_336' title='bbox 523 3189 705 3259; x_wconf 87' lang='lat' dir='ltr'>Tribuctis</span> <span class='ocrx_word' id='word_1_337' title='bbox 721 3191 829 3279; x_wconf 85' lang='lat' dir='ltr'>igitur</span> <span class='ocrx_word' id='word_1_338' title='bbox 842 3186 909 3260; x_wconf 91' lang='lat' dir='ltr'>hoc</span> <span class='ocrx_word' id='word_1_339' title='bbox 923 3191 1129 3260; x_wconf 87' lang='lat' dir='ltr'>beneficium</span> <span class='ocrx_word' id='word_1_340' title='bbox 1144 3184 1284 3259; x_wconf 91' lang='lat' dir='ltr'>homiui</span> <span class='ocrx_word' id='word_1_341' title='bbox 1333 3186 1474 3278; x_wconf 90' lang='lat' dir='ltr'>liquias.</span> <span class='ocrx_word' id='word_1_342' title='bbox 1525 3184 1656 3276; x_wconf 83' lang='lat' dir='ltr'>Magna</span> <span class='ocrx_word' id='word_1_343' title='bbox 1673 3191 1766 3258; x_wconf 82' lang='lat' dir='ltr'>sanis</span> <span class='ocrx_word' id='word_1_344' title='bbox 1783 3186 1988 3261; x_wconf 89' lang='lat' dir='ltr'>hominibus</span> <span class='ocrx_word' id='word_1_345' title='bbox 2003 3191 2194 3261; x_wconf 88' lang='lat' dir='ltr'>consolatio</span> <span class='ocrx_word' id='word_1_346' title='bbox 2211 3203 2263 3259; x_wconf 86' lang='lat' dir='ltr'>est</span> <span class='ocrx_word' id='word_1_347' title='bbox 2285 3188 2323 3258; x_wconf 87' lang='lat' dir='ltr'>in</span> 
     </span>
     <span class='ocr_line' id='line_1_30' title="bbox 297 3287 2322 3379; baseline -0.003 -15"><span class='ocrx_word' id='word_1_348' title='bbox 297 3296 418 3377; x_wconf 85' lang='lat' dir='ltr'>doctu,</span> <span class='ocrx_word' id='word_1_349' title='bbox 444 3303 593 3362; x_wconf 88' lang='lat' dir='ltr'>vestram</span> <span class='ocrx_word' id='word_1_350' title='bbox 609 3292 779 3360; x_wconf 88' lang='lat' dir='ltr'>familiam</span> <span class='ocrx_word' id='word_1_351' title='bbox 795 3306 995 3379; x_wconf 85' lang='lat' dir='ltr'>reverenter</span> <span class='ocrx_word' id='word_1_352' title='bbox 1012 3291 1160 3375; x_wconf 90' lang='lat' dir='ltr'>colenti,</span> <span class='ocrx_word' id='word_1_353' title='bbox 1191 3290 1285 3359; x_wconf 92' lang='lat' dir='ltr'>etin</span> <span class='ocrx_word' id='word_1_354' title='bbox 1335 3288 1441 3356; x_wconf 91' lang='lat' dir='ltr'>tantis</span> <span class='ocrx_word' id='word_1_355' title='bbox 1464 3287 1720 3358; x_wconf 79' lang='lat' dir='ltr'>calamitatibus</span> <span class='ocrx_word' id='word_1_356' title='bbox 1747 3305 1864 3362; x_wconf 89' lang='lat' dir='ltr'>tenere</span> <span class='ocrx_word' id='word_1_357' title='bbox 1887 3307 2002 3362; x_wconf 86' lang='lat' dir='ltr'>tamen</span> <span class='ocrx_word' id='word_1_358' title='bbox 2027 3295 2163 3360; x_wconf 80' lang='lat' dir='ltr'>limiam</span> <span class='ocrx_word' id='word_1_359' title='bbox 2186 3293 2230 3360; x_wconf 88' lang='lat' dir='ltr'>de</span> <span class='ocrx_word' id='word_1_360' title='bbox 2246 3288 2322 3358; x_wconf 89' lang='lat' dir='ltr'>Deo</span> 
     </span>
     <span class='ocr_line' id='line_1_31' title="bbox 296 3387 2325 3484; baseline -0.002 -21"><span class='ocrx_word' id='word_1_361' title='bbox 296 3395 341 3463; x_wconf 91' lang='lat' dir='ltr'>iis</span> <span class='ocrx_word' id='word_1_362' title='bbox 364 3393 489 3463; x_wconf 88' lang='lat' dir='ltr'>studiis</span> <span class='ocrx_word' id='word_1_363' title='bbox 511 3393 683 3476; x_wconf 91' lang='lat' dir='ltr'>versanti,</span> <span class='ocrx_word' id='word_1_364' title='bbox 722 3418 810 3484; x_wconf 89' lang='lat' dir='ltr'>quae</span> <span class='ocrx_word' id='word_1_365' title='bbox 833 3406 867 3462; x_wconf 90' lang='lat' dir='ltr'>et</span> <span class='ocrx_word' id='word_1_366' title='bbox 891 3408 930 3463; x_wconf 87' lang='lat' dir='ltr'>tu</span> <span class='ocrx_word' id='word_1_367' title='bbox 953 3393 1084 3483; x_wconf 90' lang='lat' dir='ltr'>optime</span> <span class='ocrx_word' id='word_1_368' title='bbox 1106 3392 1285 3481; x_wconf 80' lang='lat' dir='ltr'>intelligis,</span> <span class='ocrx_word' id='word_1_369' title='bbox 1335 3387 1534 3457; x_wconf 84' lang='lat' dir='ltr'>doctrinam</span> <span class='ocrx_word' id='word_1_370' title='bbox 1560 3404 1593 3458; x_wconf 89' lang='lat' dir='ltr'>et</span> <span class='ocrx_word' id='word_1_371' title='bbox 1614 3391 1835 3462; x_wconf 89' lang='lat' dir='ltr'>considerare</span> <span class='ocrx_word' id='word_1_372' title='bbox 1860 3395 1979 3463; x_wconf 83' lang='lat' dir='ltr'>fatales</span> <span class='ocrx_word' id='word_1_373' title='bbox 2002 3415 2120 3463; x_wconf 90' lang='lat' dir='ltr'>causas</span> <span class='ocrx_word' id='word_1_374' title='bbox 2143 3405 2177 3462; x_wconf 86' lang='lat' dir='ltr'>et</span> <span class='ocrx_word' id='word_1_375' title='bbox 2198 3389 2325 3461; x_wconf 86' lang='lat' dir='ltr'>Eccle-</span> 
     </span>
     <span class='ocr_line' id='line_1_32' title="bbox 298 3487 2324 3585; baseline -0.001 -20"><span class='ocrx_word' id='word_1_376' title='bbox 298 3510 333 3565; x_wconf 90' lang='lat' dir='ltr'>et</span> <span class='ocrx_word' id='word_1_377' title='bbox 355 3495 560 3583; x_wconf 82' lang='lat' dir='ltr'>gravissimo</span> <span class='ocrx_word' id='word_1_378' title='bbox 583 3493 715 3562; x_wconf 91' lang='lat' dir='ltr'>iudicio</span> <span class='ocrx_word' id='word_1_379' title='bbox 736 3490 887 3564; x_wconf 51' lang='lat' dir='ltr'>ant‘efers</span> <span class='ocrx_word' id='word_1_380' title='bbox 908 3495 1075 3563; x_wconf 91' lang='lat' dir='ltr'>omnibus</span> <span class='ocrx_word' id='word_1_381' title='bbox 1096 3494 1200 3561; x_wconf 83' lang='lat' dir='ltr'>rebus</span> <span class='ocrx_word' id='word_1_382' title='bbox 1216 3487 1286 3561; x_wconf 90' lang='lat' dir='ltr'>hu·</span> <span class='ocrx_word' id='word_1_383' title='bbox 1335 3489 1406 3557; x_wconf 90' lang='lat' dir='ltr'>siae</span> <span class='ocrx_word' id='word_1_384' title='bbox 1428 3490 1578 3579; x_wconf 88' lang='lat' dir='ltr'>speciem</span> <span class='ocrx_word' id='word_1_385' title='bbox 1599 3492 1765 3562; x_wconf 90' lang='lat' dir='ltr'>omnibus</span> <span class='ocrx_word' id='word_1_386' title='bbox 1787 3495 1974 3565; x_wconf 86' lang='lat' dir='ltr'>aetatibus.</span> <span class='ocrx_word' id='word_1_387' title='bbox 2032 3494 2116 3563; x_wconf 89' lang='lat' dir='ltr'>Ideo</span> <span class='ocrx_word' id='word_1_388' title='bbox 2141 3495 2235 3585; x_wconf 88' lang='lat' dir='ltr'>apud</span> <span class='ocrx_word' id='word_1_389' title='bbox 2259 3515 2324 3563; x_wconf 88' lang='lat' dir='ltr'>vos</span> 
     </span>
     <span class='ocr_line' id='line_1_33' title="bbox 298 3589 2326 3688; baseline -0.002 -22"><span class='ocrx_word' id='word_1_390' title='bbox 298 3597 422 3668; x_wconf 88' lang='lat' dir='ltr'>manis.</span> <span class='ocrx_word' id='word_1_391' title='bbox 475 3593 592 3664; x_wconf 89' lang='lat' dir='ltr'>Tanta</span> <span class='ocrx_word' id='word_1_392' title='bbox 617 3611 667 3666; x_wconf 89' lang='lat' dir='ltr'>est</span> <span class='ocrx_word' id='word_1_393' title='bbox 690 3610 806 3666; x_wconf 89' lang='lat' dir='ltr'>autem</span> <span class='ocrx_word' id='word_1_394' title='bbox 831 3597 883 3664; x_wconf 90' lang='lat' dir='ltr'>vis</span> <span class='ocrx_word' id='word_1_395' title='bbox 908 3596 1041 3684; x_wconf 87' lang='lat' dir='ltr'>ingenii</span> <span class='ocrx_word' id='word_1_396' title='bbox 1067 3596 1104 3662; x_wconf 92' lang='lat' dir='ltr'>in</span> <span class='ocrx_word' id='word_1_397' title='bbox 1124 3589 1286 3688; x_wconf 80' lang='lat' dir='ltr'>Ziglero,</span> <span class='ocrx_word' id='word_1_398' title='bbox 1336 3593 1470 3678; x_wconf 84' lang='lat' dir='ltr'>gaudeo</span> <span class='ocrx_word' id='word_1_399' title='bbox 1496 3605 1607 3660; x_wconf 90' lang='lat' dir='ltr'>rectae</span> <span class='ocrx_word' id='word_1_400' title='bbox 1633 3595 1814 3665; x_wconf 90' lang='lat' dir='ltr'>doctrinae</span> <span class='ocrx_word' id='word_1_401' title='bbox 1839 3596 2062 3667; x_wconf 86' lang='lat' dir='ltr'>concordiam</span> <span class='ocrx_word' id='word_1_402' title='bbox 2086 3596 2251 3679; x_wconf 87' lang='lat' dir='ltr'>retineri,</span> <span class='ocrx_word' id='word_1_403' title='bbox 2289 3607 2326 3663; x_wconf 91' lang='lat' dir='ltr'>et</span> 
     </span>
     <span class='ocr_line' id='line_1_34' title="bbox 297 3684 2326 3787; baseline -0.003 -18"><span class='ocrx_word' id='word_1_404' title='bbox 297 3712 338 3769; x_wconf 89' lang='lat' dir='ltr'>ut</span> <span class='ocrx_word' id='word_1_405' title='bbox 360 3698 537 3766; x_wconf 90' lang='lat' dir='ltr'>nemiuem</span> <span class='ocrx_word' id='word_1_406' title='bbox 561 3695 599 3763; x_wconf 93' lang='lat' dir='ltr'>in</span> <span class='ocrx_word' id='word_1_407' title='bbox 624 3692 679 3765; x_wconf 91' lang='lat' dir='ltr'>his</span> <span class='ocrx_word' id='word_1_408' title='bbox 701 3698 839 3775; x_wconf 87' lang='lat' dir='ltr'>duabus</span> <span class='ocrx_word' id='word_1_409' title='bbox 860 3695 1061 3766; x_wconf 83' lang='lat' dir='ltr'>Academiis</span> <span class='ocrx_word' id='word_1_410' title='bbox 1085 3697 1116 3764; x_wconf 91' lang='lat' dir='ltr'>ei</span> <span class='ocrx_word' id='word_1_411' title='bbox 1138 3720 1286 3787; x_wconf 90' lang='lat' dir='ltr'>praepo·</span> <span class='ocrx_word' id='word_1_412' title='bbox 1336 3695 1380 3761; x_wconf 89' lang='lat' dir='ltr'>de</span> <span class='ocrx_word' id='word_1_413' title='bbox 1394 3684 1453 3760; x_wconf 78' lang='lat' dir='ltr'>his&#39;</span> <span class='ocrx_word' id='word_1_414' title='bbox 1465 3693 1571 3763; x_wconf 90' lang='lat' dir='ltr'>tantis</span> <span class='ocrx_word' id='word_1_415' title='bbox 1585 3695 1691 3764; x_wconf 86' lang='lat' dir='ltr'>rebus</span> <span class='ocrx_word' id='word_1_416' title='bbox 1706 3688 1868 3767; x_wconf 90' lang='lat' dir='ltr'>homines</span> <span class='ocrx_word' id='word_1_417' title='bbox 1882 3697 2160 3776; x_wconf 88' lang='lat' dir='ltr'>commonelieri,</span> <span class='ocrx_word' id='word_1_418' title='bbox 2193 3721 2234 3765; x_wconf 89' lang='lat' dir='ltr'>ac</span> <span class='ocrx_word' id='word_1_419' title='bbox 2253 3694 2326 3764; x_wconf 89' lang='lat' dir='ltr'>dici</span> 
     </span>
     <span class='ocr_line' id='line_1_35' title="bbox 299 3794 2326 3888; baseline -0.001 -20"><span class='ocrx_word' id='word_1_420' title='bbox 299 3801 455 3868; x_wconf 89' lang='lat' dir='ltr'>nendum</span> <span class='ocrx_word' id='word_1_421' title='bbox 470 3799 607 3868; x_wconf 92' lang='lat' dir='ltr'>ducam.</span> <span class='ocrx_word' id='word_1_422' title='bbox 658 3794 706 3867; x_wconf 90' lang='lat' dir='ltr'>Et</span> <span class='ocrx_word' id='word_1_423' title='bbox 727 3794 818 3868; x_wconf 92' lang='lat' dir='ltr'>hanc</span> <span class='ocrx_word' id='word_1_424' title='bbox 839 3800 910 3867; x_wconf 90' lang='lat' dir='ltr'>vim</span> <span class='ocrx_word' id='word_1_425' title='bbox 927 3812 1072 3868; x_wconf 87' lang='lat' dir='ltr'>naturae</span> <span class='ocrx_word' id='word_1_426' title='bbox 1088 3798 1225 3867; x_wconf 80' lang='lat' dir='ltr'>confert</span> <span class='ocrx_word' id='word_1_427' title='bbox 1242 3797 1287 3866; x_wconf 91' lang='lat' dir='ltr'>ad</span> <span class='ocrx_word' id='word_1_428' title='bbox 1323 3805 1375 3862; x_wconf 71' lang='lat' dir='ltr'>&#39;ea</span> <span class='ocrx_word' id='word_1_429' title='bbox 1400 3818 1489 3884; x_wconf 90' lang='lat' dir='ltr'>quae</span> <span class='ocrx_word' id='word_1_430' title='bbox 1510 3795 1555 3863; x_wconf 90' lang='lat' dir='ltr'>ad</span> <span class='ocrx_word' id='word_1_431' title='bbox 1577 3797 1810 3868; x_wconf 91' lang='lat' dir='ltr'>consolandos</span> <span class='ocrx_word' id='word_1_432' title='bbox 1832 3802 2062 3870; x_wconf 85' lang='lat' dir='ltr'>et.sauandos</span> <span class='ocrx_word' id='word_1_433' title='bbox 2083 3798 2219 3869; x_wconf 89' lang='lat' dir='ltr'>animos</span> <span class='ocrx_word' id='word_1_434' title='bbox 2239 3820 2326 3888; x_wconf 87' lang='lat' dir='ltr'>pro-</span> 
     </span>
     <span class='ocr_line' id='line_1_36' title="bbox 298 3896 2416 3991; baseline -0.001 -20"><span class='ocrx_word' id='word_1_435' title='bbox 298 3897 476 3971; x_wconf 85' lang='lat' dir='ltr'>Ecclesiae</span> <span class='ocrx_word' id='word_1_436' title='bbox 500 3897 708 3983; x_wconf 89' lang='lat' dir='ltr'>utilitatem,</span> <span class='ocrx_word' id='word_1_437' title='bbox 747 3922 872 3988; x_wconf 84' lang='lat' dir='ltr'>magna</span> <span class='ocrx_word' id='word_1_438' title='bbox 901 3900 1104 3968; x_wconf 82' lang='lat' dir='ltr'>dexteritate</span> <span class='ocrx_word' id='word_1_439' title='bbox 1134 3899 1287 3968; x_wconf 86' lang='lat' dir='ltr'>illustrat</span> <span class='ocrx_word' id='word_1_440' title='bbox 1336 3910 1437 3980; x_wconf 89' lang='lat' dir='ltr'>sunt,</span> <span class='ocrx_word' id='word_1_441' title='bbox 1478 3896 1516 3963; x_wconf 91' lang='lat' dir='ltr'>iu</span> <span class='ocrx_word' id='word_1_442' title='bbox 1538 3920 1643 3989; x_wconf 90' lang='lat' dir='ltr'>quam</span> <span class='ocrx_word' id='word_1_443' title='bbox 1666 3920 1740 3968; x_wconf 88' lang='lat' dir='ltr'>rem</span> <span class='ocrx_word' id='word_1_444' title='bbox 1764 3915 1805 3971; x_wconf 93' lang='lat' dir='ltr'>ut</span> <span class='ocrx_word' id='word_1_445' title='bbox 1827 3901 2011 3971; x_wconf 88' lang='lat' dir='ltr'>incumbas</span> <span class='ocrx_word' id='word_1_446' title='bbox 2034 3914 2069 3971; x_wconf 89' lang='lat' dir='ltr'>te</span> <span class='ocrx_word' id='word_1_447' title='bbox 2090 3901 2195 3969; x_wconf 88' lang='lat' dir='ltr'>etiam</span> <span class='ocrx_word' id='word_1_448' title='bbox 2218 3912 2327 3991; x_wconf 86' lang='lat' dir='ltr'>atque</span> <span class='ocrx_word' id='word_1_449' title='bbox 2409 3960 2416 3969; x_wconf 85' lang='lat'><strong>.</strong></span> 
     </span>
     <span class='ocr_line' id='line_1_37' title="bbox 204 3996 2325 4093; baseline -0.002 -20"><span class='ocrx_word' id='word_1_450' title='bbox 204 4054 211 4073; x_wconf 80' lang='lat'><strong>.</strong></span> <span class='ocrx_word' id='word_1_451' title='bbox 299 3996 509 4091; x_wconf 90' lang='lat' dir='ltr'>Prophetica</span> <span class='ocrx_word' id='word_1_452' title='bbox 525 3998 671 4089; x_wconf 88' lang='lat' dir='ltr'>scripta,</span> <span class='ocrx_word' id='word_1_453' title='bbox 703 4024 827 4093; x_wconf 90' lang='lat' dir='ltr'>meque</span> <span class='ocrx_word' id='word_1_454' title='bbox 846 4000 954 4070; x_wconf 89' lang='lat' dir='ltr'>multa</span> <span class='ocrx_word' id='word_1_455' title='bbox 973 4025 1013 4068; x_wconf 87' lang='lat' dir='ltr'>ex</span> <span class='ocrx_word' id='word_1_456' title='bbox 1029 4002 1103 4069; x_wconf 88' lang='lat' dir='ltr'>eius</span> <span class='ocrx_word' id='word_1_457' title='bbox 1123 4003 1287 4069; x_wconf 84' lang='lat' dir='ltr'>observa·</span> <span class='ocrx_word' id='word_1_458' title='bbox 1337 3998 1442 4067; x_wconf 89' lang='lat' dir='ltr'>etiam</span> <span class='ocrx_word' id='word_1_459' title='bbox 1458 4021 1532 4068; x_wconf 92' lang='lat' dir='ltr'>oro.</span> <span class='ocrx_word' id='word_1_460' title='bbox 1584 3996 1682 4067; x_wconf 89' lang='lat' dir='ltr'>Bene</span> <span class='ocrx_word' id='word_1_461' title='bbox 1698 4000 1786 4074; x_wconf 87' lang='lat' dir='ltr'>vale.</span> <span class='ocrx_word' id='word_1_462' title='bbox 1837 4001 1906 4073; x_wconf 89' lang='lat' dir='ltr'>Die</span> <span class='ocrx_word' id='word_1_463' title='bbox 1918 4002 1977 4077; x_wconf 71' lang='lat'>27.</span> <span class='ocrx_word' id='word_1_464' title='bbox 1992 4001 2225 4092; x_wconf 86' lang='lat' dir='ltr'>Septembris,</span> <span class='ocrx_word' id='word_1_465' title='bbox 2252 4024 2325 4093; x_wconf 89' lang='lat' dir='ltr'>quo</span> 
     </span>
     <span class='ocr_line' id='line_1_38' title="bbox 298 4095 2326 4196; baseline -0.002 -22"><span class='ocrx_word' id='word_1_466' title='bbox 298 4104 455 4175; x_wconf 88' lang='lat' dir='ltr'>tionibus</span> <span class='ocrx_word' id='word_1_467' title='bbox 481 4100 643 4170; x_wconf 91' lang='lat' dir='ltr'>didicisse</span> <span class='ocrx_word' id='word_1_468' title='bbox 666 4101 843 4193; x_wconf 86' lang='lat' dir='ltr'>profiteor.</span> <span class='ocrx_word' id='word_1_469' title='bbox 894 4096 1008 4196; x_wconf 90' lang='lat' dir='ltr'>Cyrus</span> <span class='ocrx_word' id='word_1_470' title='bbox 1027 4101 1147 4169; x_wconf 90' lang='lat' dir='ltr'>iunior</span> <span class='ocrx_word' id='word_1_471' title='bbox 1163 4102 1288 4170; x_wconf 91' lang='lat' dir='ltr'>lauda-</span> <span class='ocrx_word' id='word_1_472' title='bbox 1337 4113 1417 4167; x_wconf 91' lang='lat' dir='ltr'>ante</span> <span class='ocrx_word' id='word_1_473' title='bbox 1439 4095 1714 4193; x_wconf 76' lang='lat' dir='ltr'>annos5881³)</span> <span class='ocrx_word' id='word_1_474' title='bbox 1746 4126 1824 4172; x_wconf 91' lang='lat' dir='ltr'>arca</span> <span class='ocrx_word' id='word_1_475' title='bbox 1850 4100 1973 4173; x_wconf 91' lang='lat' dir='ltr'>Nohae</span> <span class='ocrx_word' id='word_1_476' title='bbox 2004 4104 2158 4194; x_wconf 90' lang='lat' dir='ltr'>primum</span> <span class='ocrx_word' id='word_1_477' title='bbox 2188 4101 2326 4195; x_wconf 89' lang='lat' dir='ltr'>quievit</span> 
     </span>
     <span class='ocr_line' id='line_1_39' title="bbox 299 4196 2326 4298; baseline -0.001 -26"><span class='ocrx_word' id='word_1_478' title='bbox 299 4220 358 4277; x_wconf 87' lang='lat' dir='ltr'>tur</span> <span class='ocrx_word' id='word_1_479' title='bbox 387 4196 664 4293; x_wconf 86' lang='lat' dir='ltr'>allenophonte</span> <span class='ocrx_word' id='word_1_480' title='bbox 693 4200 894 4272; x_wconf 88' lang='lat' dir='ltr'>dulcissima</span> <span class='ocrx_word' id='word_1_481' title='bbox 927 4202 1148 4285; x_wconf 88' lang='lat' dir='ltr'>narratione,</span> <span class='ocrx_word' id='word_1_482' title='bbox 1190 4203 1286 4296; x_wconf 91' lang='lat' dir='ltr'>quod</span> <span class='ocrx_word' id='word_1_483' title='bbox 1336 4214 1415 4289; x_wconf 91' lang='lat' dir='ltr'>post</span> <span class='ocrx_word' id='word_1_484' title='bbox 1438 4200 1635 4284; x_wconf 89' lang='lat' dir='ltr'>diluvium,</span> <span class='ocrx_word' id='word_1_485' title='bbox 1677 4201 1821 4274; x_wconf 88' lang='lat' dir='ltr'>Utinam</span> <span class='ocrx_word' id='word_1_486' title='bbox 1844 4207 1940 4277; x_wconf 84' lang='lat' dir='ltr'>Deus</span> <span class='ocrx_word' id='word_1_487' title='bbox 1966 4228 2061 4273; x_wconf 89' lang='lat' dir='ltr'>nunc</span> <span class='ocrx_word' id='word_1_488' title='bbox 2092 4227 2234 4298; x_wconf 86' lang='lat' dir='ltr'>quoque</span> <span class='ocrx_word' id='word_1_489' title='bbox 2265 4205 2326 4272; x_wconf 85' lang='lat' dir='ltr'>det</span> 
     </span>
     <span class='ocr_line' id='line_1_40' title="bbox 300 4298 2082 4401; baseline 0.001 -26"><span class='ocrx_word' id='word_1_490' title='bbox 300 4306 385 4375; x_wconf 78' lang='lat' dir='ltr'>viris</span> <span class='ocrx_word' id='word_1_491' title='bbox 408 4303 657 4373; x_wconf 84' lang='lat' dir='ltr'>excellentibus</span> <span class='ocrx_word' id='word_1_492' title='bbox 679 4304 815 4374; x_wconf 89' lang='lat' dir='ltr'>miserit</span> <span class='ocrx_word' id='word_1_493' title='bbox 825 4301 854 4399; x_wconf 79' lang='lat'>²)</span> <span class='ocrx_word' id='word_1_494' title='bbox 881 4304 1227 4401; x_wconf 6' lang='lat' dir='ltr'>interdnmpfercula,</span> <span class='ocrx_word' id='word_1_495' title='bbox 1246 4306 1287 4373; x_wconf 86' lang='lat' dir='ltr'>¹et</span> <span class='ocrx_word' id='word_1_496' title='bbox 1336 4298 1512 4370; x_wconf 84' lang='lat' dir='ltr'>Ecclesiae</span> <span class='ocrx_word' id='word_1_497' title='bbox 1528 4325 1610 4372; x_wconf 89' lang='lat' dir='ltr'>suae</span> <span class='ocrx_word' id='word_1_498' title='bbox 1627 4303 1793 4395; x_wconf 84' lang='lat' dir='ltr'>quietem.</span> <span class='ocrx_word' id='word_1_499' title='bbox 1844 4303 1977 4377; x_wconf 89' lang='lat' dir='ltr'>Iterum</span> <span class='ocrx_word' id='word_1_500' title='bbox 1994 4307 2082 4377; x_wconf 89' lang='lat' dir='ltr'>vale.</span> 
     </span>
     <span class='ocr_line' id='line_1_41' title="bbox 302 4400 2046 4496; baseline -0.002 -22"><span class='ocrx_word' id='word_1_501' title='bbox 302 4406 378 4475; x_wconf 91' lang='lat' dir='ltr'>vini</span> <span class='ocrx_word' id='word_1_502' title='bbox 400 4406 549 4495; x_wconf 83' lang='lat' dir='ltr'>lagenas.</span> <span class='ocrx_word' id='word_1_503' title='bbox 613 4400 661 4473; x_wconf 90' lang='lat' dir='ltr'>Et</span> <span class='ocrx_word' id='word_1_504' title='bbox 683 4405 722 4474; x_wconf 90' lang='lat' dir='ltr'>in</span> <span class='ocrx_word' id='word_1_505' title='bbox 745 4400 813 4475; x_wconf 93' lang='lat' dir='ltr'>hoc</span> <span class='ocrx_word' id='word_1_506' title='bbox 836 4430 962 4496; x_wconf 83' lang='lat' dir='ltr'>genere</span> <span class='ocrx_word' id='word_1_507' title='bbox 985 4421 1068 4475; x_wconf 88' lang='lat' dir='ltr'>nota</span> <span class='ocrx_word' id='word_1_508' title='bbox 1085 4402 1142 4475; x_wconf 76' lang='lat' dir='ltr'>&#39;est</span> <span class='ocrx_word' id='word_1_509' title='bbox 1165 4403 1286 4473; x_wconf 88' lang='lat' dir='ltr'>multis</span> <span class='ocrx_word' id='word_1_510' title='bbox 2042 4426 2046 4430; x_wconf 76' lang='grc'><strong>’</strong></span> 
     </span>
     <span class='ocr_line' id='line_1_42' title="bbox 302 4501 1284 4602; baseline -0.004 -24"><span class='ocrx_word' id='word_1_511' title='bbox 302 4523 417 4578; x_wconf 87' lang='lat' dir='ltr'>vestra</span> <span class='ocrx_word' id='word_1_512' title='bbox 439 4532 517 4576; x_wconf 92' lang='lat' dir='ltr'>cum</span> <span class='ocrx_word' id='word_1_513' title='bbox 529 4501 558 4602; x_wconf 84' lang='lat'>³)</span> <span class='ocrx_word' id='word_1_514' title='bbox 579 4504 772 4576; x_wconf 88' lang='lat' dir='ltr'>liberalitas</span> <span class='ocrx_word' id='word_1_515' title='bbox 793 4522 868 4577; x_wconf 90' lang='lat' dir='ltr'>tum</span> <span class='ocrx_word' id='word_1_516' title='bbox 893 4508 1047 4579; x_wconf 88' lang='lat' dir='ltr'>comitas.</span> <span class='ocrx_word' id='word_1_517' title='bbox 1096 4505 1169 4577; x_wconf 86' lang='lat' dir='ltr'>¹Sed</span> <span class='ocrx_word' id='word_1_518' title='bbox 1186 4530 1284 4597; x_wconf 92' lang='lat' dir='ltr'>prae-</span> 
     </span>
     <span class='ocr_line' id='line_1_43' title="bbox 302 4607 2316 4727; baseline -0.004 -47"><span class='ocrx_word' id='word_1_519' title='bbox 302 4610 402 4701; x_wconf 85' lang='lat' dir='ltr'>cipue</span> <span class='ocrx_word' id='word_1_520' title='bbox 420 4623 515 4697; x_wconf 79' lang='lat' dir='ltr'>grata</span> <span class='ocrx_word' id='word_1_521' title='bbox 533 4607 734 4692; x_wconf 86' lang='lat' dir='ltr'>nobiserit,</span> <span class='ocrx_word' id='word_1_522' title='bbox 760 4607 789 4675; x_wconf 93' lang='lat' dir='ltr'>si</span> <span class='ocrx_word' id='word_1_523' title='bbox 806 4608 884 4677; x_wconf 91' lang='lat' dir='ltr'>talis</span> <span class='ocrx_word' id='word_1_524' title='bbox 901 4609 970 4676; x_wconf 89' lang='lat' dir='ltr'>vici</span> <span class='ocrx_word' id='word_1_525' title='bbox 991 4607 1135 4696; x_wconf 84' lang='lat' dir='ltr'>ingenio</span> <span class='ocrx_word' id='word_1_526' title='bbox 1158 4620 1193 4676; x_wconf 86' lang='lat' dir='ltr'>et</span> <span class='ocrx_word' id='word_1_527' title='bbox 1214 4607 1287 4672; x_wconf 83' lang='lat' dir='ltr'>vir·</span> <span class='ocrx_word' id='word_1_528' title='bbox 1337 4649 1391 4720; x_wconf 69' lang='lat' dir='ltr'>No</span> <span class='ocrx_word' id='word_1_529' title='bbox 1415 4651 1512 4722; x_wconf 57' lang='lat'><strong>2761</strong></span> <span class='ocrx_word' id='word_1_530' title='bbox 1959 4636 1962 4641; x_wconf 54' lang='lat'><em>&lt;</em></span> <span class='ocrx_word' id='word_1_531' title='bbox 2063 4653 2066 4659; x_wconf 83' lang='lat'>·</span> <span class='ocrx_word' id='word_1_532' title='bbox 2163 4666 2207 4727; x_wconf 56' lang='grc' dir='ltr'><em>ῃ</em></span> <span class='ocrx_word' id='word_1_533' title='bbox 2239 4656 2281 4722; x_wconf 49' lang='lat' dir='ltr'>se</span> <span class='ocrx_word' id='word_1_534' title='bbox 2302 4670 2316 4719; x_wconf 86' lang='lat' dir='ltr'>t</span> 
     </span>
     <span class='ocr_line' id='line_1_44' title="bbox 301 4682 2328 4782; baseline -0.003 -1"><span class='ocrx_word' id='word_1_535' title='bbox 301 4711 370 4782; x_wconf 86' lang='lat' dir='ltr'>tuti</span> <span class='ocrx_word' id='word_1_536' title='bbox 393 4706 489 4779; x_wconf 91' lang='lat' dir='ltr'>hunc</span> <span class='ocrx_word' id='word_1_537' title='bbox 511 4703 682 4778; x_wconf 88' lang='lat' dir='ltr'>honorem</span> <span class='ocrx_word' id='word_1_538' title='bbox 698 4702 884 4782; x_wconf 89' lang='lat' dir='ltr'>habebitis.</span> <span class='ocrx_word' id='word_1_539' title='bbox 934 4707 1029 4778; x_wconf 89' lang='lat' dir='ltr'>Bene</span> <span class='ocrx_word' id='word_1_540' title='bbox 1047 4708 1169 4779; x_wconf 86' lang='lat' dir='ltr'>valete.</span> <span class='ocrx_word' id='word_1_541' title='bbox 1220 4704 1287 4776; x_wconf 89' lang='lat' dir='ltr'>Die</span> <span class='ocrx_word' id='word_1_542' title='bbox 1344 4698 1527 4776; x_wconf 36' lang='grc' dir='ltr'>κέν-μ’</span> <span class='ocrx_word' id='word_1_543' title='bbox 2157 4682 2328 4776; x_wconf 50' lang='grc' dir='ltr'>ᾠηξί.</span> 
     </span>
     <span class='ocr_line' id='line_1_45' title="bbox 302 4807 1997 4903; baseline -0.005 -21"><span class='ocrx_word' id='word_1_544' title='bbox 302 4808 453 4882; x_wconf 81' lang='lat' dir='ltr'>XXl&#39;ll.</span> <span class='ocrx_word' id='word_1_545' title='bbox 467 4807 683 4901; x_wconf 87' lang='lat' dir='ltr'>Septembris</span> <span class='ocrx_word' id='word_1_546' title='bbox 706 4834 776 4903; x_wconf 89' lang='lat' dir='ltr'>quo</span> <span class='ocrx_word' id='word_1_547' title='bbox 796 4823 877 4880; x_wconf 88' lang='lat' dir='ltr'>ante</span> <span class='ocrx_word' id='word_1_548' title='bbox 890 4832 1003 4879; x_wconf 90' lang='lat' dir='ltr'>anuos</span> <span class='ocrx_word' id='word_1_549' title='bbox 1017 4808 1114 4880; x_wconf 76' lang='lat'><strong>5851</strong></span> <span class='ocrx_word' id='word_1_550' title='bbox 1131 4808 1286 4900; x_wconf 90' lang='lat' dir='ltr'>primum</span> <span class='ocrx_word' id='word_1_551' title='bbox 1335 4811 1337 4815; x_wconf 79' lang='grc'><strong>’</strong></span> <span class='ocrx_word' id='word_1_552' title='bbox 1670 4817 1997 4902; x_wconf 47' lang='lat' dir='ltr'>Testimonium·</span> 
     </span>
     <span class='ocr_line' id='line_1_46' title="bbox 302 4904 1965 5001; baseline -0.007 -18"><span class='ocrx_word' id='word_1_553' title='bbox 302 4913 490 4984; x_wconf 90' lang='lat' dir='ltr'>consistere</span> <span class='ocrx_word' id='word_1_554' title='bbox 506 4935 585 4979; x_wconf 90' lang='lat' dir='ltr'>arca</span> <span class='ocrx_word' id='word_1_555' title='bbox 596 4904 719 4979; x_wconf 89' lang='lat' dir='ltr'>Nohae</span> <span class='ocrx_word' id='word_1_556' title='bbox 732 4911 864 5001; x_wconf 85' lang='lat' dir='ltr'>coepit,</span> <span class='ocrx_word' id='word_1_557' title='bbox 890 4924 968 5001; x_wconf 91' lang='lat' dir='ltr'>post</span> <span class='ocrx_word' id='word_1_558' title='bbox 983 4909 1169 4981; x_wconf 90' lang='lat' dir='ltr'>diluvium.</span> <span class='ocrx_word' id='word_1_559' title='bbox 1206 4907 1287 4979; x_wconf 88' lang='lat' dir='ltr'>Uti·</span> <span class='ocrx_word' id='word_1_560' title='bbox 1963 4954 1965 4958; x_wconf 31' lang='lat' dir='ltr'>s</span> 
     </span>
     <span class='ocr_line' id='line_1_47' title="bbox 301 4993 1882 5104; baseline -0.005 -20"><span class='ocrx_word' id='word_1_561' title='bbox 301 5038 384 5084; x_wconf 77' lang='lat' dir='ltr'>nant</span> <span class='ocrx_word' id='word_1_562' title='bbox 400 5010 496 5082; x_wconf 88' lang='lat' dir='ltr'>Deus</span> <span class='ocrx_word' id='word_1_563' title='bbox 512 5035 608 5079; x_wconf 90' lang='lat' dir='ltr'>nunc</span> <span class='ocrx_word' id='word_1_564' title='bbox 624 5034 764 5104; x_wconf 87' lang='lat' dir='ltr'>quoque</span> <span class='ocrx_word' id='word_1_565' title='bbox 782 5035 882 5080; x_wconf 88' lang='lat' dir='ltr'>arcae</span> <span class='ocrx_word' id='word_1_566' title='bbox 898 4998 1079 5082; x_wconf 80' lang='lat' dir='ltr'>Ecclesiae</span> <span class='ocrx_word' id='word_1_567' title='bbox 1089 5034 1171 5080; x_wconf 89' lang='lat' dir='ltr'>suae</span> <span class='ocrx_word' id='word_1_568' title='bbox 1188 5008 1288 5103; x_wconf 86' lang='lat' dir='ltr'>quic-</span> <span class='ocrx_word' id='word_1_569' title='bbox 1489 4993 1590 5050; x_wconf 71' lang='lat' dir='ltr'>Manlii</span> <span class='ocrx_word' id='word_1_570' title='bbox 1605 4994 1702 5069; x_wconf 64' lang='lat' dir='ltr'>tang.</span> <span class='ocrx_word' id='word_1_571' title='bbox 1721 5014 1748 5068; x_wconf 81' lang='lat' dir='ltr'>P·</span> <span class='ocrx_word' id='word_1_572' title='bbox 1761 4995 1813 5051; x_wconf 68' lang='lat'>⁵⁴⁴</span> <span class='ocrx_word' id='word_1_573' title='bbox 1823 5015 1882 5069; x_wconf 62' lang='lat'>“14</span> 
     </span>
    </p>

    <p class='ocr_par' dir='ltr' id='par_1_9' title="bbox 302 5111 1543 5207">
     <span class='ocr_line' id='line_1_48' title="bbox 302 5111 1543 5207; baseline -0.002 -22"><span class='ocrx_word' id='word_1_574' title='bbox 302 5132 372 5185; x_wconf 90' lang='lat' dir='ltr'>tem</span> <span class='ocrx_word' id='word_1_575' title='bbox 390 5128 423 5184; x_wconf 93' lang='lat' dir='ltr'>et</span> <span class='ocrx_word' id='word_1_576' title='bbox 436 5111 730 5207; x_wconf 89' lang='lat' dir='ltr'>tranquillitatem</span> <span class='ocrx_word' id='word_1_577' title='bbox 748 5112 935 5185; x_wconf 87' lang='lat' dir='ltr'>concedat!</span> <span class='ocrx_word' id='word_1_578' title='bbox 1171 5168 1174 5172; x_wconf 78' lang='grc'><em>.</em></span> <span class='ocrx_word' id='word_1_579' title='bbox 1338 5152 1543 5163; x_wconf 72' lang='lat'>-—---</span> 
     </span>
    </p>
   </div>
   <div class='ocr_carea' id='block_1_8' title="bbox 336 5248 1789 5404">
    <p class='ocr_par' dir='ltr' id='par_1_10' title="bbox 336 5248 1789 5404">
     <span class='ocr_line' id='line_1_49' title="bbox 1373 5248 1789 5318; baseline 0 -15"><span class='ocrx_word' id='word_1_580' title='bbox 1373 5252 1399 5318; x_wconf 83' lang='lat'>1)</span> <span class='ocrx_word' id='word_1_581' title='bbox 1416 5248 1521 5305; x_wconf 83' lang='lat' dir='ltr'>Lib..ll.</span> <span class='ocrx_word' id='word_1_582' title='bbox 1537 5252 1669 5303; x_wconf 70' lang='lat' dir='ltr'>moritus.</span> <span class='ocrx_word' id='word_1_583' title='bbox 1785 5303 1789 5313; x_wconf 70' lang='lat'><em>,</em></span> 
     </span>
     <span class='ocr_line' id='line_1_50' title="bbox 336 5323 1672 5404; baseline 0 -23"><span class='ocrx_word' id='word_1_584' title='bbox 336 5329 362 5396; x_wconf 80' lang='lat'>1)</span> <span class='ocrx_word' id='word_1_585' title='bbox 379 5327 427 5394; x_wconf 78' lang='lat' dir='ltr'>sit]</span> <span class='ocrx_word' id='word_1_586' title='bbox 443 5324 504 5381; x_wconf 84' lang='lat' dir='ltr'>cod.</span> <span class='ocrx_word' id='word_1_587' title='bbox 516 5323 628 5380; x_wconf 82' lang='lat' dir='ltr'>Monac.</span> <span class='ocrx_word' id='word_1_588' title='bbox 640 5324 698 5380; x_wconf 75' lang='lat' dir='ltr'>bil:</span> <span class='ocrx_word' id='word_1_589' title='bbox 718 5334 769 5380; x_wconf 84' lang='lat' dir='ltr'>est.</span> <span class='ocrx_word' id='word_1_590' title='bbox 1370 5336 1399 5404; x_wconf 77' lang='lat'>2)</span> <span class='ocrx_word' id='word_1_591' title='bbox 1418 5334 1487 5391; x_wconf 71' lang='lat' dir='ltr'>cod,</span> <span class='ocrx_word' id='word_1_592' title='bbox 1500 5337 1672 5388; x_wconf 65' lang='lat' dir='ltr'>matema</span> 
     </span>
    </p>
   </div>
   <div class='ocr_carea' id='block_1_9' title="bbox 332 5409 2326 5565">
    <p class='ocr_par' dir='ltr' id='par_1_11' title="bbox 332 5409 2326 5565">
     <span class='ocr_line' id='line_1_51' title="bbox 332 5409 2326 5491; baseline -0.006 -12"><span class='ocrx_word' id='word_1_593' title='bbox 332 5412 362 5479; x_wconf 67' lang='grc'>2)</span> <span class='ocrx_word' id='word_1_594' title='bbox 382 5411 449 5466; x_wconf 67' lang='lat'><strong>0⁰⁴³·</strong></span> <span class='ocrx_word' id='word_1_595' title='bbox 464 5411 575 5465; x_wconf 62' lang='grc' dir='ltr'>ΜΘΝ·</span> <span class='ocrx_word' id='word_1_596' title='bbox 587 5409 644 5465; x_wconf 61' lang='grc' dir='ltr'>3ῧά</span> <span class='ocrx_word' id='word_1_597' title='bbox 661 5411 789 5465; x_wconf 65' lang='lat' dir='ltr'>mffflssl·</span> <span class='ocrx_word' id='word_1_598' title='bbox 983 5438 986 5445; x_wconf 74' lang='grc'><em>’</em></span> <span class='ocrx_word' id='word_1_599' title='bbox 1371 5422 1400 5491; x_wconf 74' lang='grc'>8)</span> <span class='ocrx_word' id='word_1_600' title='bbox 1418 5419 1487 5474; x_wconf 80' lang='lat' dir='ltr'>Cod.</span> <span class='ocrx_word' id='word_1_601' title='bbox 1501 5418 1577 5474; x_wconf 72' lang='lat' dir='ltr'>sest.</span> <span class='ocrx_word' id='word_1_602' title='bbox 1612 5416 1713 5472; x_wconf 82' lang='lat' dir='ltr'>Neuter</span> <span class='ocrx_word' id='word_1_603' title='bbox 1726 5414 2001 5476; x_wconf 80' lang='lat' dir='ltr'>nnmeruseonvenit</span> <span class='ocrx_word' id='word_1_604' title='bbox 2015 5412 2208 5486; x_wconf 59' lang='lat' dir='ltr'>monologio</span> <span class='ocrx_word' id='word_1_605' title='bbox 2223 5413 2252 5468; x_wconf 84' lang='lat' dir='ltr'>in</span> <span class='ocrx_word' id='word_1_606' title='bbox 2265 5412 2326 5469; x_wconf 79' lang='lat' dir='ltr'>eliis</span> 
     </span>
     <span class='ocr_line' id='line_1_52' title="bbox 334 5486 2154 5565; baseline -0.009 -14"><span class='ocrx_word' id='word_1_607' title='bbox 334 5496 364 5565; x_wconf 78' lang='grc'>8)</span> <span class='ocrx_word' id='word_1_608' title='bbox 384 5495 452 5552; x_wconf 89' lang='lat' dir='ltr'>Cod.</span> <span class='ocrx_word' id='word_1_609' title='bbox 466 5495 578 5552; x_wconf 79' lang='lat' dir='ltr'>hlonec.</span> <span class='ocrx_word' id='word_1_610' title='bbox 591 5495 650 5551; x_wconf 67' lang='lat' dir='ltr'>ssa</span> <span class='ocrx_word' id='word_1_611' title='bbox 667 5504 739 5551; x_wconf 79' lang='lat' dir='ltr'>tum,</span> <span class='ocrx_word' id='word_1_612' title='bbox 1407 5486 1534 5561; x_wconf 71' lang='lat' dir='ltr'>epistolis.</span> <span class='ocrx_word' id='word_1_613' title='bbox 1598 5508 1601 5512; x_wconf 53' lang='grc'><em>“</em></span> <span class='ocrx_word' id='word_1_614' title='bbox 1984 5527 1987 5532; x_wconf 93' lang='grc'><strong>.</strong></span> <span class='ocrx_word' id='word_1_615' title='bbox 2151 5531 2154 5535; x_wconf 91' lang='grc'>.</span> 
     </span>
    </p>
   </div>
   <div class='ocr_carea' id='block_1_10' title="bbox 0 0 2455 6420">
    <p class='ocr_par' dir='ltr' id='par_1_12' title="bbox 0 0 2455 6420">
     <span class='ocr_line' id='line_1_53' title="bbox 0 0 2455 6420; baseline 0 0"><span class='ocrx_word' id='word_1_616' title='bbox 0 0 2455 6420; x_wconf 95' lang='lat' dir='ltr'> </span> 
     </span>
    </p>
   </div>
  </div>
 </body>
</html>
