4868 6420
191 391 266 508 ess
666 379 707 489 J
791 381 1227 466 urrsrunarsuu
1275 384 1380 468 mn.
1419 387 1483 472 ur.
1537 384 1670 472 rsus.
2158 377 2235 454 ess

194 577 297 638 nocet
318 564 412 635 vitae
434 557 624 634 hominurn
652 548 856 655 turpissima
884 565 1108 655 religionum,
1133 586 1191 635 so·
1241 587 1321 631 cum
1344 562 1488 656 quidem
1510 578 1664 650 constet,
1690 589 1815 656 magna
1839 567 2007 637 beneficia
2034 566 2079 635 ad
2102 567 2233 636 multos

193 665 362 762 phistica,
388 666 430 735 de
447 689 516 758 qua
532 667 689 754 cogitans
706 666 887 757 quotidie,
908 667 1088 737 moesticia
1105 689 1191 736 con·
1241 687 1282 732 ex
1305 659 1370 733 hac
1399 665 1536 734 ditione
1562 669 1756 759 pervenire.
1808 668 1913 740 Nunc
1929 669 2009 742 talis
2024 669 2132 759 gratia
2150 669 2233 737 red-

193 772 345 841 tabesco.
397 765 546 838 Utinam
571 780 688 836 autem
711 780 811 836 tanto
835 767 946 837 animi
966 782 1098 839 mutua
1116 768 1189 836 filio
1241 765 1351 840 ditur.
1589 775 1591 778 ’

194 870 263 941 Dei
279 867 407 938 horum
425 869 624 956 ingentium
640 869 816 938 malorum
841 862 1105 961 ἐπανόρθωσιν
1127 892 1189 961 pe-

194 986 268 1043 tere
289 994 446 1061 possem,
470 982 604 1062 quanto
629 969 668 1037 in
694 965 878 1039 hesternae
894 971 1058 1044 lectionis
1077 968 1191 1040 histo·
1341 963 1390 1037 Ut
1405 981 1521 1038 autem
1545 969 1667 1040 civitas
1688 972 1783 1042 intus
1810 972 2038 1068 tranquillior
2058 971 2122 1055 sit,
2157 967 2231 1060 pri·

149 1090 155 1098 “
194 1074 248 1142 ria
264 1069 554 1142 materCananea
569 1070 662 1138 filiae
677 1064 967 1164 δαιμονιζυμένῃ
983 1096 1086 1163 opem
1104 1072 1189 1139 ferri
1241 1092 1338 1137 mum
1354 1072 1564 1140 mandamus
1582 1073 1817 1158 severissime,
1837 1099 1882 1144 ne
1898 1076 2024 1145 sintin
2042 1069 2232 1142 Academia

193 1175 292 1267 petit.
344 1171 451 1242 Facio
477 1186 595 1242 tamen
612 1184 691 1241 vota
712 1172 876 1274 assidue,
896 1196 936 1241 ac
956 1187 1070 1243 tecum
1091 1167 1187 1242 haud
1240 1192 1404 1254 errones,
1431 1172 1492 1262 qui
1511 1169 1746 1243 Rectorinou
1765 1178 1939 1252 dederunt
1965 1198 2118 1258 nornen,
2143 1192 2233 1239 neve

194 1276 331 1354 dubie,
348 1287 382 1343 et
404 1298 481 1342 meo
504 1274 582 1342 loco
604 1272 725 1342 studui
748 1274 976 1343 mediocriter
992 1295 1190 1365 repugnare
1239 1271 1426 1362 quisquam
1451 1273 1599 1361 recipiat
1621 1277 1664 1343 ad
1688 1299 1722 1343 se
1747 1272 1921 1367 hospitem
1937 1279 2117 1366 ignotum,
2142 1293 2233 1340 neve

196 1372 419 1468 sophisticae.
473 1371 516 1442 In
531 1397 571 1442 ea
585 1374 859 1459 deliberatione,
885 1400 974 1468 quae
990 1376 1034 1444 de
1048 1373 1188 1444 Ducum
1239 1367 1448 1441 Scholastici
1466 1375 1676 1443 bombardas
1693 1372 1915 1462 habeant,ac
1932 1380 1962 1446 si
1980 1400 2084 1470 quem
2100 1371 2231 1443 habere

194 1477 452 1550 saxonicorum
469 1474 719 1546 controversiis
732 1473 924 1544 Macedoni
941 1476 1105 1566 imposita
1129 1489 1190 1558 est,
1237 1472 1470 1541 bombardam
1491 1477 1765 1562 comperiemus,
1788 1474 1882 1547 hunc
1898 1493 2058 1549 notatum
2075 1472 2230 1566 ignomi-

194 1580 261 1648 erit
292 1568 495 1672 κεφάλαιον
527 1570 611 1670 περὶ
640 1570 885 1656 διδασκαλίας
906 1576 1126 1670 ἐκκλησιῶν,
1159 1578 1189 1647 ελ
1239 1574 1298 1640 nia
1315 1597 1355 1640 ex
1370 1569 1489 1642 schola
1506 1575 1695 1648 eiiciemus.
1722 1577 1815 1648 Sunt
1830 1579 1940 1672 aliqui
1956 1580 2063 1648 nimis
2076 1576 2232 1646 multum

195 1681 477 1773 συμφωνοῦσαν
505 1672 751 1749 διδασκαλίαν
780 1669 915 1758 πάντες
941 1675 983 1749 οἱ.
999 1681 1190 1776 συγγενεῖς
1238 1673 1308 1742 sibi
1324 1673 1567 1761 indulgentes,
1594 1691 1628 1746 et
1644 1678 1694 1746 ita
1704 1679 1878 1764 viventes,
1902 1694 1942 1750 ut
1961 1682 2036 1749 sine
2052 1679 2126 1749 ulla
2143 1698 2229 1744 con·

196 1779 374 1872 ἄρχοντες
391 1771 609 1870 ἐθελήσουσι
626 1771 826 1871 φυλάττειν
843 1777 878 1858 ἐς
893 1775 960 1851 ἀεί.
1011 1776 1108 1848 Deus
1124 1801 1209 1876 8¹¹7
1238 1773 1454 1844 sideratione
1476 1778 1611 1866 publici
1633 1792 1760 1862 status,
1793 1805 2024 1875 quaecunque
2048 1780 2141 1850 caeci
2161 1775 2231 1842 im-

194 1885 318 1953 bernet
332 1876 425 1948 hanc
442 1879 746 1952 deliberationem.
797 1877 907 1951 Mitto
932 1880 997 1951 tibi
1021 1881 1188 1970 pagellas,
1237 1889 1339 1966 petus
1373 1878 1537 1967 rapiunt,
1571 1895 1776 1971 sequantur.
1840 1880 1891 1950 Hi
1923 1905 2024 1974 saepe
2056 1878 2230 1960 tumultus

194 1996 235 2052 ut
262 1996 344 2051 sunt
366 1995 528 2065 nostrae,
564 1979 780 2060 moesticiam
807 1982 941 2050 autoris
963 2004 999 2049 se
1024 1982 1188 2052 ferentes.
1236 1988 1399 2060 movent,
1426 1991 1459 2046 et
1475 1977 1546 2046 dici
1569 1992 1688 2049 tamen
1712 1975 1852 2050 honesti
1866 1983 2011 2068 volunt,
2037 1981 2230 2058 clamitant,

192 2081 291 2154 Deus
323 2097 486 2154 aeternus
517 2094 616 2172 pater
643 2079 782 2150 domini
806 2082 921 2151 nostri
949 2081 1028 2151 lesu
1053 2077 1188 2152 Christi
1236 2101 1273 2145 se
1295 2071 1392 2163 nihil,
1412 2078 1548 2163 facere,
1573 2083 1670 2171 quod
1693 2082 1807 2151 laedat
1827 2083 1968 2158 famam.
2020 2081 2120 2170 Quae
2142 2075 2230 2147 haec
2285 2172 2288 2177 Ι

194 2198 308 2255 servet
333 2197 367 2252 te
387 2198 421 2253 et
433 2180 621 2255 honestiss.
636 2180 822 2270 coniugem
850 2197 964 2268 tuam,
990 2197 1026 2254 et
1039 2180 1118 2252 tu'os
1141 2183 1187 2250 li·
1236 2201 1338 2268 nova
1351 2179 1522 2271 sapientia
1548 2193 1616 2259 est,
1649 2205 1727 2249 cum
1754 2184 1949 2272 petulantia
1969 2181 2229 2255 sit‘manilesta

193 2288 297 2357 beros
314 2286 455 2358 dulciss.
470 2297 568 2374 regat
582 2296 703 2353 nostra
719 2283 847 2354 studia.
886 2362 892 2373 .
1236 2272 1356 2355 tamen
1377 2280 1615 2374 qualicunque
1641 2296 1820 2372 praetextu
1844 2285 2017 2356 tumultus
2043 2279 2230 2376 ercusare?

838 2427 923 2501 pm
957 2430 1032 2501 Ml
1098 2426 1123 2499 h
1234 2377 1357 2449 Bonus
1380 2381 1467 2449 civis
1491 2405 1633 2470 parcere
1659 2384 1762 2451 debet
1788 2380 2229 2477 publicaetranquillitati,

896 2458 944 2544 ¹⁶.
1002 2445 1135 2504 mi·
1236 2493 1269 2548 et
1298 2480 1371 2549 suis
1393 2504 1470 2549 eam
1500 2483 1625 2550 officiis
1649 2484 1759 2566 tueri,
1792 2486 1927 2553 etiarnsi
1947 2488 2040 2576 leges
2064 2510 2137 2553 non
2162 2507 2227 2573 pu-

1235 2582 1342 2650 niunt
1373 2583 1492 2651 omnia
1516 2582 1654 2652 delicta.
1712 2582 1752 2654 Si
1773 2587 1853 2676 quis
1875 2587 1912 2654 in
1943 2589 2096 2677 templo,
2125 2600 2163 2654 ut
2188 2585 2228 2651 in
2330 2625 2331 2628 =

1235 2705 1414 2772 caupona,
1436 2683 1707 2768 vociferaretur,
1739 2709 1815 2753 non
1836 2687 1938 2755 illum
1962 2688 2105 2780 quidem
2134 2686 2227 2773 leges

1234 2785 1280 2851 ad
1295 2783 1509 2874 supplicium
1524 2796 1706 2874 raperent,
1731 2787 1791 2853 sed
1806 2787 1836 2854 si
1854 2788 2049 2878 petulantia
2066 2787 2227 2856 animad-

1235 2896 1447 2968 verteretur,
1488 2885 1671 2954 severitate
1707 2886 1929 2975 magistratus
1958 2889 2094 2958 duriter
2108 2887 2235 2959 „casti--

1236 2986 1370 3073 gandus
1389 2998 1486 3057 esset.
1538 2983 1655 3055 Parcit
1676 2985 1786 3075 igitur
1809 2984 1987 3057 Ecclesiae
2011 2988 2096 3072 Dei,
2123 2983 2227 3056 scho-

570 3116 797 3204 Studpospg
899 3135 902 3138 ‚
1236 3087 1308 3168 lae,
1331 3098 1384 3154 tot
1398 3109 1521 3153 senum
1538 3108 1577 3153 ac
1591 3099 1834 3156 matronarum
1859 3089 2128 3184 tranquillitati,
2153 3085 2227 3155 imo

200 3259 203 3265 ,
796 3180 808 3201 ’
1234 3186 1358 3265 oculos
1379 3199 1412 3254 et
1431 3185 1563 3262 ¹iudicia
1579 3183 1646 3255 Dei
1662 3188 1831 3257 intervos
1846 3185 2057 3273 habitantis,
2083 3191 2226 3280 piorum

202 3364 205 3371 .
263 3282 370 3354 ΜΨ
389 3275 605 3398 putttpppcat.
620 3273 796 3396 m‘ljpo's}
808 3270 1187 3396 {oggcssinpuussng'foffi
1230 3272 1442 3376 'angelorum
1464 3301 1497 3356 et
1519 3288 1679 3356 omnium
1697 3283 1929 3358 honestorum
1954 3286 2141 3360 hominum
2166 3315 2228 3358 ve-

293 3353 506 3499 iiffiirhiohiii
519 3361 850 3466 usfdhtetintloniriam
870 3429 899 3462 se
919 3360 1058 3481 iratum
1076 3418 1117 3463 en
1136 3427 1186 3462 su.
1236 3388 1405 3472 reamini,
1436 3399 1470 3455 et
1493 3382 1558 3456 hac
1576 3389 1772 3458 reverentia
1794 3386 1957 3461 cohibete
1975 3393 2125 3482 impetus
2148 3391 2227 3459 ani-

295 3499 383 3542 rorem
401 3504 429 3539 ¹¹¹
448 3501 493 3554 ψ·
509 3480 632 3537 anteced.
650 3479 686 3535 sd
702 3477 901 3534 &uersuum
1236 3512 1395 3571 morum,
1427 3500 1461 3556 et
1480 3512 1597 3557 mores
1621 3490 1826 3578 diligentius
1850 3493 1970 3581 regite.
2020 3492 2109 3561 Nam
2133 3488 2228 3559 haud

1236 3589 1344 3657 dubie
1372 3585 1469 3656 Deus
1496 3601 1529 3657 et
1564 3590 1706 3659 ornabit
1728 3591 1894 3679 praemiis
1924 3593 2150 3677 obedientes,
2194 3607 2228 3663 et

1237 3702 1459 3759 contumaces
1474 3688 1611 3779 puniet.
1661 3687 1729 3759 Die
1750 3691 1785 3761 3.
1799 3690 1939 3768 Martii.

1043 2938 1075 2998 8·
1093 2925 1183 2991 ttae.

1007 3017 1179 3048 m

193 2931 261 3003 No.
277 2922 391 3000 3145.

199 3024 371 3056 Μ

239 3639 376 3716 Reclor
399 3634 620 3708 Academiae
646 3629 882 3729 Georgius
905 3628 963 3703 M
966 3631 1072 3703 aior
1092 3628 1149 3705 D.

194 3780 282 3871 Etsi
310 3789 404 3863 nihil
427 3805 477 3862 est
504 3786 683 3858 infirmius
704 3799 739 3856 et
762 3784 923 3874 fragilius
945 3779 1100 3853 humana
1122 3806 1187 3853 na·

194 3918 296 3982 tura,
336 3909 455 3964 tamen
486 3885 554 3959 hoc
589 3891 694 3958 decus
729 3888 853 3975 ingens
885 3899 919 3955 et
950 3881 1216 4024 inenarrabile!

195 3997 456 4090 agnoscendum
474 4005 543 4075 est,
569 3991 666 4083 quod
679 3984 776 4056 Deus
792 3987 861 4056 sibi
875 3999 1054 4055 aeternam
1062 3979 1187 4054 Eccle-

196 4104 283 4172 siam
306 4096 441 4184 colligit
463 4095 502 4161 in
523 4115 650 4181 genere
674 4084 850 4172 humano,
887 4101 921 4157 et
942 4080 1025 4155 huic
1050 4108 1188 4176 semper

195 4200 359 4274 attribuit
382 4197 500 4265 sedern
523 4193 678 4286 aliquam
704 4191 906 4272 doctrinae,
942 4211 1005 4256 seu
1028 4180 1186 4256 scholam
1235 4239 1270 4311 N
1318 4236 1422 4311 3¹46

196 4315 379 4376 sonantem
402 4293 637 4385 Evangelium
659 4306 694 4361 et
714 4292 801 4360 alias
823 4285 988 4359 honestas
1002 4301 1093 4357 artes
1116 4284 1187 4357 Ec-
1243 4266 1433 4365 Q·

198 4403 323 4476 clesiae
338 4399 456 4470 utiles.
504 4395 545 4467 Si
560 4390 652 4464 hanc
668 4389 736 4461 Dei
752 4391 968 4460 volrrntatem
985 4390 1187 4458 considera·
1641 4452 1644 4456 4

196 4527 336 4588 remus,
360 4500 423 4593 qui
443 4519 509 4566 nos
530 4491 598 4564 hoc
615 4496 723 4563 modo
740 4494 786 4561 ad
806 4505 983 4561 aeternam
1000 4503 1188 4559 consuetu-
1316 4471 1588 4582 Responsum
1622 4474 1937 4586 Theologorum
1969 4479 2155 4567 Walteb.

1912 4250 2051 4329 (ineunte
2070 4249 2179 4329 Μαι-λ.)
2200 4307 2203 4313 ,

197 4610 317 4678 dinem
347 4626 445 4671 suam
471 4610 589 4667 vocat:
622 4595 757 4662 maiore
788 4593 906 4662 studio
934 4604 970 4661 et
994 4587 1186 4660 Ecclesiam

196 4707 265 4780 Dei
282 4720 316 4775 et
332 4699 532 4773 scholarum
548 4695 727 4767 domicilia
741 4714 1007 4776 veneraremur,
1032 4706 1073 4761 ut
1095 4703 1187 4759 certe

195 4809 274 4879 fieri
289 4807 443 4876 deberet.
493 4799 564 4871 Sed
586 4821 723 4888 semper
742 4795 907 4864 diabolus
926 4792 1008 4862 odio
1033 4791 1099 4860 lilii
1120 4789 1188 4860 Dei

196 4911 324 4981 excitat
343 4901 503 4975 homines
526 4898 672 4990 impios,
697 4912 737 4967 ut
758 4921 897 4988 pacem,
923 4892 1057 4978 studia,
1082 4891 1187 4974 disci?

196 5013 334 5106 plinarn
368 5004 545 5074 Ecclesiae
578 5012 614 5069 et
644 4993 844 5067 scholarum
875 4995 1072 5087 perturbet.
1134 4990 1186 5062 lta
1220 5063 1221 5067 ,

197 5135 295 5183 nunc
309 5121 451 5179 nostrae
465 5101 627 5195 politiae,
652 5124 759 5192 quae,
781 5098 896 5191 qualis
912 5095 1026 5189 qualis
1040 5107 1110 5178 est,
1133 5107 1187 5163 ta-

198 5238 282 5284 men
301 5208 494 5300 hospitium
524 5203 666 5294 praebet
689 5197 868 5268 Ecclesiae
888 5195 958 5267 Dei
987 5208 1021 5265 et
1047 5195 1186 5275 studiis,

197 5332 236 5386 ut
252 5315 337 5381 olim
356 5312 480 5378 viduae
496 5305 708 5392 sareptanae
724 5323 803 5394 casa
818 5312 892 5368 erat
906 5294 1098 5387 hospitium
1114 5293 1187 5366 Ec-

194 5416 324 5490 clesiae
340 5410 427 5490 Dei,
453 5405 642 5476 insidiatur
655 5400 837 5479 diabolus,
860 5399 947 5468 foris
968 5397 1185 5468 latrunculos

195 5517 342 5606 instigat
374 5513 420 5582 ad
446 5499 697 5578 denuircianda
723 5499 889 5572 incendia
919 5514 955 5573 et
984 5498 1184 5584 latrocinia,

1225 4690 1228 4694 ι
1305 4647 1343 4704 tx
1361 4647 1544 4719 autographo,
1560 4648 1737 4717 aCrncigero
1749 4651 1869 4722 scripto,
1891 4652 1935 4706 cui
1954 4653 2072 4723 theologi
2092 4674 2139 4707 sur
2152 4656 2229 4726 quis·

1340 4736 1395 4789 que
1414 4735 1496 4769 manu
1515 4716 1749 4786 subscripserunt,
1768 4718 1801 4770 in
1816 4723 1883 4774 cod.
1899 4719 2058 4776 Goth-647.
2073 4743 2098 4793 p.
2113 4724 2155 4776 75.
2192 4724 2229 4776 ll«

1340 4784 1436 4840 eodem
1455 4785 1558 4837 editum
1578 4786 1606 4838 in
1626 4787 1801 4852 Gerticos
1820 4791 1949 4858 utipttrten
1967 4794 2097 4847 ttttuutur
2117 4808 2161 4860 gut
2179 4797 2229 4849 ιλιι

1338 4854 1496 4922 formatione
1514 4854 1581 4917 ellip‘
1600 4866 1626 4906 et
1651 4873 1665 4905 a
1687 4852 1824 4908 Walchio
1856 4860 1983 4927 operibus
2009 4860 2120 4912 botheri
2143 4861 2228 4913 inser·

1336 4932 1393 4975 sum
1418 4919 1456 4973 Τ.
1471 4870 1562 4974 Xllllt
1585 4939 1617 4991 p.
1634 4922 1713 4976 1459.
1774 4924 1961 4994 Apograplrom
1982 4926 2183 4981 incedenti
2207 4929 2233 4982 l·

1336 5008 1363 5060 p.
1375 4990 1419 5043 81.
1437 5017 1472 5028 -
1507 4988 1553 5041 Est
1568 5008 1610 5041 res
1631 5009 1729 5043 oneum
1742 4991 1775 5043 ed
1790 4994 1892 5045 monita
1908 4993 1999 5048 theolo
2020 5013 2098 5046 orum
2113 4995 2231 5064 Hassiae,

1336 5076 1404 5128 quae
1416 5075 1499 5128 supra
1518 5057 1545 5111 d.
1560 5057 1586 5111 7.
1622 5059 1678 5112 chr.
1695 5058 1840 5122 dedirnus,
1854 5079 1977 5142 quaeque
1994 5014 2040 5115 δι.
2053 5061 2162 5117 Elector
2180 5064 2229 5117 v?-

1339 5125 1580 5206 tebergensibusd.
1593 5125 1716 5179 l.-Martii
1731 5127 1849 5180 miseret.
1875 5127 1922 5181 Est
1937 5128 2020 5199 agitur
2031 5130 2162 5200 scriptum
2176 5134 2230 5187 hoe

1338 5193 1472 5247 iudicium
1486 5193 1582 5264 primis
1592 5194 1682 5246 Martii
1693 5194 1796 5247 diebus.
1815 5196 2007 5268 landgravius,
2021 5197 2160 5253 uldoceut
2172 5203 2229 5253 eius

1337 5259 1432 5314 literae
1445 5261 1528 5315 d.16.
1543 5262 1611 5333 Ape.
1625 5261 1745 5332 scriptae·
1755 5263 1792 5316 ιδ
1803 5261 1956 5318 Electorem
1966 5304 1978 5331 ,·
1992 5267 2021 5319 iu
2033 5266 2165 5320 sententia
2179 5267 2231 5321 Vi-

1339 5329 1540 5450 tebergensiupr
1554 5328 1691 5398 acquievit
1705 5329 1833 5401 quidem,
1854 5333 1900 5385 sed
1922 5342 2013 5386 temen
2033 5334 2157 5405 monuit,
2182 5336 2231 5390 lu·-

1335 5415 1372 5468 po
1387 5415 1452 5453 ovas
1468 5407 1507 5450 tra
1528 5399 1536 5450 i
1731 5399 1737 5411 ’

1487 5468 1492 5479 Ι
1571 5397 1592 5449 si
1609 5396 1706 5467 Episeo
1728 5414 1751 5450 ιι
1768 5396 1972 5456 ἰαιοιάἱιιιιιάἰ
1985 5400 2228 5460 Ρωιοιωσοισο.

1335 5468 1428 5522 ιιι...
1460 5463 1523 5521 ve.
1536 5416 1731 5521 §cenna-‚ul
1753 5466 1857 5538 ,esse
