4868 6420
188 348 264 426 639
761 333 1202 417 EPISTOLARUM
1252 340 1365 426 ΜΒ.
1398 346 1464 427 ΙΧ.
1517 346 1655 429 1644.
2154 345 2237 424 sto

195 519 373 596 ethorum
390 515 562 612 sapientia
581 517 769 601 fruuntur,
792 538 939 608 eamque
956 513 1062 605 longe
1082 525 1185 580 ante·
1236 516 1396 596 iusserat.
1446 515 1602 592 Oremus
1623 547 1719 593 nunc
1735 547 1895 619 quoque,
1921 519 2035 594 aneo
2051 521 2161 592 simili
2177 522 2232 591 se.

195 632 318 700 ierunt
348 623 427 694 aliis
456 621 651 715 quamlibet
690 616 955 707 ingeniosorum
994 611 1184 686 hominum
1236 619 1370 693 licitate
1393 625 1576 714 repurgari
1603 626 1732 718 templa
1753 638 1787 696 et
1809 626 1945 698 restitui
1966 648 2068 696 verae
2089 624 2231 715 pietatis

197 727 346 820 scriptis.
398 721 474 794 Hos
497 721 603 792 etiam
628 744 693 790 oro
718 732 753 789 ct
776 720 952 802 obtestor,
976 731 1017 788 ut
1039 716 1133 787 tueri
1151 727 1187 784 et
1237 723 1353 795 officia
1371 724 1410 793 in
1429 726 1603 817 pluribus,

198 850 392 926 propagare
424 821 554 895 horum
583 822 759 891 librorum
788 821 985 890 doctrinam
1010 819 1187 888 studeant.

198 933 271 1006 Nec
287 950 493 1004 moveamur
504 923 699 1019 Cyclopum
725 936 760 992 et
777 918 1034 1013 Epicureorum
1056 917 1189 988 furori·
1350 938 1355 947 ·
1691 953 2222 969 -.----.---.-......

198 1037 287 1116 bns,
310 1030 374 1124 qui
391 1041 427 1099 ct
438 1025 555 1098 Deum
570 1039 604 1096 et
618 1025 730 1095 libros
745 1023 906 1107 divinos,
931 1035 967 1092 et
979 1021 1186 1090 universnm
1677 1036 1679 1041 ⁸

201 1134 359 1208 studium
385 1131 568 1200 doctrinae
589 1127 634 1196 de
652 1122 729 1196 Deo
754 1124 1004 1216 superbissime
1027 1136 1062 1192 ct
1077 1120 1190 1191 auda·
1238 1094 1434 1224 Q·
2068 1115 2130 1177 26.
2144 1105 2228 1176 lior.

200 1235 337 1310 cissime
352 1233 481 1304 rident.
530 1226 639 1298 Brevi
653 1227 770 1297 veniet
785 1224 899 1296 Filius
914 1222 999 1309 Dei,
1013 1221 1190 1293 Dominus
1930 1233 1932 1240 ·
2052 1197 2224 1230 Ἃ

201 1351 321 1410 noster
336 1333 434 1405 lesus
449 1327 629 1414 Christus,
654 1329 783 1398 vindex
803 1341 982 1398 tantarum
1007 1337 1192 1396 contume-
1552 1293 1654 1407 Cpb.
1680 1294 1921 1383 Pannonio,

200 1440 352 1516 limum,
384 1435 514 1529 quibus
537 1430 635 1500 Deus
657 1430 830 1503 adficitur.
887 1425 957 1497 Hic
979 1428 1115 1497 discent
1136 1423 1192 1493 illi
1327 1454 1413 1529 Em
1426 1454 1476 1512 lis.
1490 1456 1523 1512 v·
1536 1455 1628 1526 Μ,
1640 1473 1683 1529 sq.

200 1541 374 1638 Cyclopes
388 1549 424 1606 et
440 1532 629 1627 Epicurei,
655 1555 772 1600 veram
789 1531 895 1601 fuisse
913 1553 1055 1607 vocem,
1082 1550 1191 1619 quarn

144 1641 150 1647 ’
201 1668 222 1717 a
236 1642 393 1714 Pindaro
410 1638 543 1707 discere
557 1634 770 1717 debuerant,
796 1655 876 1701 cum
893 1627 1190 1699 fastidireutPro-

201 1741 390 1839 phetarum
412 1753 447 1809 et
468 1733 721 1828 Apostolorum
744 1733 948 1804 lectionem:
981 1723 1098 1826 agap*
1130 1752 1193 1800 σο-
1242 1705 1289 1798 S.
1312 1723 1359 1801 D.
1409 1724 1570 1798 Nuncius
1593 1727 1697 1797 testis
1714 1747 1787 1795 esse
1808 1726 1955 1816 poterit,
1982 1749 2123 1796 mecum
2143 1724 2230 1797 alios

202 1841 273 1942 φία
281 1896 293 1930 ,
320 1836 532 1936 λοιδορῆσαι
547 1832 651 1908 θεὸν.
1242 1830 1351 1900 luisse
1364 1853 1462 1899 nunc
1477 1830 1628 1913 multos,
1653 1829 1716 1923 qui
1731 1829 1850 1898 literas
1865 1828 2089 1916 flagitabant:
2122 1850 2231 1921 quare

1242 1932 1384 2000 veniam
1405 1933 1468 2000 des
1489 1930 1664 2003 brevitati.
1715 1929 1894 1999 Teucrion
1917 1930 2017 2021 pingi
2041 1952 2115 1998 non
2132 1943 2231 2021 pote·

305 2042 379 2114 Nos
394 2065 477 2110 vero
498 2037 704 2108 ardentibus
718 2034 809 2105 votis
828 2049 988 2125 petamus
1003 2059 1022 2103 a
1040 2030 1115 2101 Deo
1133 2053 1194 2098 ae·
1243 2033 1306 2117 rit,
1332 2032 1420 2116 nisi,
1446 2056 1528 2102 cum
1547 2046 1686 2101 erutum
1709 2015 1855 2115 eterra,
1879 2032 2156 2101 monstrabimus
2178 2031 2232 2122 pi-

202 2166 324 2230 temo,
347 2159 444 2235 patre
459 2140 607 2210 Domini
622 2137 737 2208 nostri
753 2135 832 2206 lesu
846 2132 999 2219 Christi,
1023 2135 1084 2227 qui
1101 2156 1138 2201 se
1154 2131 1193 2198 in
1243 2135 1345 2208 ctori.
1383 2133 1454 2206 Sed
1470 2148 1568 2204 vetus
1590 2135 1660 2204 iam
1678 2128 1747 2202 hoc
1764 2146 2011 2222 argumentum
2027 2147 2089 2206 est.
2131 2131 2231 2204 Nova

202 2248 270 2321 hac
295 2249 369 2338 ipsa
385 2242 546 2314 doctrina
568 2264 633 2332 per
649 2233 843 2330 Prophetas
867 2253 900 2307 et
913 2237 1103 2329 Apostolos
1120 2247 1193 2302 tra·
1242 2260 1340 2307 nnnc
1356 2250 1526 2306 venturus
1539 2233 1743 2306 Conventus
1759 2226 2017 2328 suppeditat*).

204 2354 277 2422 dita
293 2344 471 2440 patefecit,
496 2355 537 2412 ut
559 2343 597 2410 in
611 2341 789 2410 mentibus
806 2340 936 2408 nostris
951 2341 1065 2407 lucem
1081 2358 1192 2417 suam,
1342 2336 1461 2407 Hodie
1475 2338 1594 2408 literas
1608 2338 1725 2428 accepi
1734 2391 1745 2423 ,
1767 2332 1934 2406 carolum
1951 2359 2162 2426 properare,
2182 2360 2232 2421 κ,

204 2452 421 2543 agnitionem
430 2443 618 2532 Evangelii
638 2443 705 2525 sui,
722 2441 983 2510 invocationem
1001 2461 1118 2506 veram
1134 2459 1192 2505 ac·
1242 2463 1362 2509 mense
1380 2438 1563 2523 lanuario,
1589 2453 1780 2509 venturum
1796 2441 1839 2507 ad
1859 2439 1983 2507 urbem
1993 2437 2230 2528 Vangionnm.

1413 1581 1764 1691 Christophoro
1790 1586 2049 1663 Pannonio.

89 2589 92 2595 ·
205 2555 349 2633 cendat,
374 2569 440 2616 nos
456 2546 500 2614 ad
515 2545 572 2634 pia
589 2543 703 2612 officia
718 2542 851 2623 llectat,
878 2542 1019 2629 colligat
1039 2537 1109 2608 sibi
1123 2533 1192 2606 Ec·
1242 2538 1442 2612 Adlirmant
1456 2540 1584 2610 Turcis
1599 2542 1731 2632 bellum
1755 2540 1937 2610 illaturum
1954 2540 2045 2609 esse!
2099 2539 2230 2611 sedan

205 2655 345 2726 clesiam
362 2662 539 2718 aeternam
558 2658 592 2714 et
606 2643 742 2732 mitiget
757 2643 861 2711 nobis
876 2643 1207 2711 calamitatescom-=
1243 2645 1330 2713 alias
1359 2666 1414 2713 res
1443 2643 1542 2734 prius
1563 2643 1609 2714 sig
1631 2657 1789 2724 acturus,
1821 2641 1953 2713 nescio,
2013 2639 2171 2730 vagam„
2192 2642 2229 2710 ᾖ,

205 2776 331 2826 munes
358 2765 391 2820 et
422 2748 587 2839 privatas.
643 2742 740 2813 Haec
775 2756 931 2834 petentes
961 2742 1193 2834 experiemur,
1244 2742 1439 2815 Germania
1460 2743 1612 2834 Legatos
1634 2742 1789 2816 Romani
1817 2742 2022 2827 pontificis,
2056 2743 2118 2835 qui
2143 2739 2230 2833 Ερῐ.

203 2854 296 2928 hanc
317 2854 429 2943 ipsam
445 2850 643 2919 doctrinam
660 2841 788 2915 horum
813 2845 988 2914 librorum
1013 2865 1132 2912 veram
1158 2856 1193 2912 et
1243 2870 1366 2938 scopos
1392 2848 1436 2915 ad
1463 2843 1648 2940 Synodum
1675 2860 1776 2914 vocat
1801 2846 1878 2913 sine
1902 2845 1971 2912 loci
1999 2857 2035 2913 et
2061 2845 2230 2937 temporis

185 2960 394 3054 *salutarem
420 2974 507 3020 esse:
534 2964 568 3020 et
589 2972 663 3016 non
681 2947 798 3014 minus
814 2960 961 3029 certam,
987 2970 1093 3038 quam
1110 2955 1193 3012 sunt
1242 2940 1502 3041 mentione”).
1551 2947 1607 3017 De
1621 2971 1697 3015 mea
1717 2947 1788 3016 lilia
1804 2948 1834 3014 si
1852 2947 1937 3039 qnid
1955 2945 2077 3016 audies
2098 2960 2160 3016 aut
2175 2972 2229 3016 20.

206 3054 450 3129 Geometricae
465 3051 751 3142 apodixes,quae
765 3049 916 3116 maxime
929 3061 1012 3116 sunt
1028 3047 1193 3116 illustresr
1243 3050 1370 3139 cipies,
1402 3051 1548 3119 obsecro
1579 3063 1631 3134 te,
1663 3048 1831 3136 significa.
1890 3046 1988 3116 Bene
2021 3049 2109 3117 vale.
2165 3047 2229 3120 Die

205 3161 275 3231 Sed
302 3156 474 3226 certitudo
498 3153 600 3222 aliter
622 3144 900 3240 deprehenditur
921 3150 958 3216 in
977 3145 1192 3225 Geometria‚
1241 3151 1303 3223 26,
1318 3149 1542 3224 Novembris,

206 3262 310 3332 aliter
324 3259 361 3326 in
374 3251 431 3324 his
445 3254 558 3325 libris.
597 3250 688 3320 Nam
702 3245 761 3319 hic
774 3274 853 3319 cum
867 3249 1095 3333 assentimur,
1116 3270 1191 3315 cre-
1750 3227 1941 3374 Philippus
1955 3277 2168 3352 Melanthon

205 3363 324 3431 dimus
350 3371 385 3426 et
406 3356 474 3425 fide
497 3354 649 3446 petimus
670 3353 780 3421 bona:
800 3352 1014 3440 respondent
1034 3362 1190 3427 eventus,
1598 3381 1601 3386 «
2033 3328 2043 3352 ‘
2171 3335 2182 3357 ·

207 3477 242 3532 et
255 3458 457 3551 agnoscitur
479 3454 670 3525 certitudo:
695 3452 785 3520 sicut
798 3452 968 3543 scriptum
986 3466 1053 3522 est:
1104 3447 1191 3519 Cre-

206 3565 279 3635 dite
294 3576 329 3631 et
343 3558 456 3629 securi
470 3556 578 3628 eritis.
625 3551 704 3623 Etsi
718 3565 836 3621 autem
851 3576 973 3622 sumus
989 3552 1190 3634 imbecilles,

204 3680 482 3745 tamenomnes,
504 3659 543 3726 in
556 3656 686 3749 quibus
699 3676 842 3722 accensa
863 3668 913 3724 est
928 3655 1009 3723 fidei
1026 3652 1190 3736 scintilla,
1241 3658 1307 3732 No,
1323 3656 1435 3731 3084,
2083 3668 2142 3730 25,
2154 3659 2229 3723 No„

206 3768 335 3847 sciant,
367 3765 484 3835 Deum
508 3760 627 3827 adesse
654 3756 714 3838 iis,
748 3778 837 3846 quos
859 3757 1014 3838 vocavit,
1044 3768 1079 3823 et
1101 3753 1190 3821 velle
1248 3753 1419 3785 Μ
2062 3751 2229 3777 νυν

205 3861 410 3938 inchoatum
441 3859 650 3930 beneficium
673 3855 872 3939 absolvere,
908 3870 947 3926 ut
975 3854 1105 3925 Paulus
1134 3855 1191 3922 in·
1446 3850 1606 3933 Ioanni
1625 3848 1864 3943 priderpco,
1891 3849 2027 3935 Elec&

207 3970 300 4090 qu'll:
328 3957 454 4084 ὁθερς
468 3956 542 4058 γὰρ
561 3954 661 4076 ἐστὶῖ
680 3951 877 4079 ὃεένξργῶγ
896 3953 1042 4080 ἒῖὑμῖγ
1062 3952 1126 4027 καὶ
1146 3950 1189 4025 τὸ
1311 4006 1388 4078 †Ex
1409 4007 1577 4078 autographo
1597 4006 1729 4064 Melanth.
1750 4007 1780 4060 in
1807 4005 1921 4064 tabulae.
1941 4005 2027 4062 Vrnar
2052 4005 2077 4061 li
2111 4006 2144 4065 it
2197 4014 2221 4068 Ν

205 4070 347 4149 actem,
375 4089 438 4136 και
457 4059 501 4134 τὸ
518 4061 680 4155 ἐνεργειν
699 4081 791 4148 υπερ
810 4083 874 4150 της
887 4053 1057 4137 sodomus
1078 4051 1191 4152 (Pha.
1342 4075 1470 4130 tot.452.
2027 4048 2035 4064 ·
2078 4027 2171 4080 ‘vr-
2222 4053 2229 4067 ·

205 4170 253 4242 ll.
273 4165 369 4263 13.)‚
386 4168 509 4247 idest,
532 4176 572 4232 ut
585 4161 703 4251 aliqua
720 4158 786 4248 ipsi
803 4172 897 4246 grata
918 4162 1001 4228 liant
1019 4159 1111 4228 iuter
1127 4151 1193 4226 ho-

204 4273 329 4342 mines.
380 4265 470 4337 Nam
488 4262 638 4332 maxima
662 4282 741 4349 pars
762 4261 899 4348 generis
916 4254 1064 4330 humani
1086 4259 1193 4327 variis
1243 4225 2231 4328 bembutdleudtlgttm,Spodygebornengttpmnapm„

205 4372 391 4442 furoribus
413 4367 486 4437 ruit
506 4362 861 4434 contravoluntatem
878 4360 957 4434 Dei.
1008 4358 1057 4431 At
1072 4373 1110 4429 ut
1126 4359 1192 4428 ali·
1243 4331 1351 4426 &itm
1375 4329 1819 4422 Soocnnstrieotid),
1846 4332 2231 4431 bilbili-fflimffllllbss

206 4497 276 4568 qua
297 4495 379 4563 pars
401 4465 538 4557 generis
563 4459 710 4532 humani
729 4460 805 4530 Deo
830 4464 974 4545 serviat,
998 4458 1193 4531 Ecclesiam
1456 4431 1697 4523 &simillimae
1723 4432 1929 4525 Ebutfittslttr
1948 4451 2012 4506 ⁰1⁰·

205 4588 327 4656 vocat,
353 4584 387 4640 et
403 4565 495 4639 hanc
510 4566 687 4636 adversm
705 4564 967 4632 invocationem
989 4578 1023 4631 et
1038 4586 1119 4630 vera
1138 4562 1193 4629 ot.
1244 4542 1380 4648 &ostes
1403 4563 1503 4638 doct
1526 4565 1617 4653 boto
1642 4566 1740 4655 tetum
1770 4568 1973 4658 rinochorum
1996 4568 2099 4655 &aba
2120 4568 2234 4658 Setina

206 4677 284 4746 ficia
299 4672 419 4742 flectit.
467 4666 580 4737 Nobis
595 4665 724 4755 igitur,
748 4663 785 4730 in
804 4664 932 4756 quibus
948 4665 1105 4733 accendit
1119 4676 1194 4732 stu·
1244 4665 1423 4755 Ebtt'iiuttt,
1456 4667 1566 4757 unlttn
1588 4667 1729 4760 ,ballath
1756 4688 1876 4757 guare·
1923 4670 2236 4765 Dutdyitudttigsttt,

208 4779 307 4845 dium
328 4785 419 4842 recte
440 4767 610 4849 faciendi,
633 4765 781 4833 sciamus
797 4762 914 4834 Deum
929 4767 1047 4834 adesse
1060 4778 1095 4834 et
1112 4765 1191 4855 opi·
1242 4767 1489 4860 hompebotnet,
1520 4767 1697 4860 gndbigl'let
1720 4766 1890 4858 (liutfdtsi
1911 4779 1974 4844 uno
2000 4773 2097 4866 ,bere
2158 4775 2235 4847 Em.

208 4877 335 4957 tulari,
358 4886 399 4942 ut
421 4871 534 4940 nostri
554 4868 693 4935 labores
708 4866 812 4934 uobis
830 4880 863 4934 et
880 4866 959 4934 aliis
974 4866 1044 4935 sint
1062 4866 1189 4933 saluta·
1243 4867 1303 4958 tlt).
1322 4871 1361 4957 8.
1375 4867 1422 4941 (E.
1438 4871 1508 4959 [aab
1526 4870 1566 4959 ld)
1590 4870 1622 4941 ir
1634 4871 1878 4959 untettttuttett
1898 4874 1958 4944 bos
1975 4900 2136 4960 carmen,
2163 4879 2239 4951 treis

207 5003 275 5051 res.
325 4973 401 5044 Hac
416 4997 476 5064 spe
491 4983 585 5039 recta
602 4968 786 5049 faciamus,
813 4981 847 5035 et
869 4962 996 5036 horum
1017 4968 1192 5035 librorum
1242 4971 1309 5061 dped
1324 4970 1424 5064 Elag.
1440 4969 1617 5058 Sabaon
1631 4972 1779 5063 &tigal
1796 4974 1916 5064 scirtio)
1931 4978 1995 5046 unb
2018 4977 2094 5064 aad)
2120 4978 2238 5069 tetbtet

207 5077 404 5150 doctrinam
430 5094 603 5152 amemus,
628 5068 897 5157 amplectamur,
929 5089 1193 5158 propugnamus
1242 5081 1333 5161 gestet
1356 5075 1419 5148 ttrt
1439 5072 1593 5163 gestumr,
1627 5079 1690 5145 unt
1713 5076 1856 5167 rambert
1879 5075 1920 5164 td)
1945 5085 1978 5149 td
2003 5076 2146 5168 belebrn,
2172 5087 2238 5154 unt

208 5183 312 5272 eique
330 5179 621 5265 obtemperemus.
671 5167 769 5237 Bene
791 5169 886 5255 vale,
910 5170 1032 5239 lector.
1082 5166 1191 5236 Anno

209 5277 320 5352 1544.
341 5279 398 5347 die
412 5278 473 5349 25.
489 5271 719 5352 Novembris,
744 5294 814 5360 quo
838 5267 1072 5363 lerosolymae
1089 5269 1192 5338 insti·
1244 5274 1449 5290 “””“····““··“

93 5371 95 5375 ’
205 5397 281 5454 tuta
303 5377 501 5455 Eumenia,
532 5386 677 5463 propter
705 5385 929 5460 repurgatum
956 5397 996 5440 eo
1022 5371 1078 5439 die
1101 5384 1192 5438 tem·
1274 5399 1305 5465 a)
1324 5397 1389 5453 via.
1404 5417 1448 5469 ep.
1462 5397 1593 5467 Principis
1609 5396 1743 5454 Electum
1757 5401 1785 5455 d.
1800 5401 1827 5459 d.
1842 5402 1883 5457 εδ.
1897 5401 1968 5460 Noc.
1984 5404 2060 5458 154⁴.

204 5485 324 5576 plum,
348 5482 457 5552 eiecto
481 5478 597 5558 idolo,
622 5474 717 5566 quod
742 5472 791 5541 ihi
810 5468 1009 5543 Antiochus
1026 5471 1189 5541 collocari
1274 5483 1323 5555 tt)
1342 5482 1403 5538 via.
1421 5481 1541 5544 steidm.
1556 5502 1583 5554 p.
1599 5482 1660 5537 45⁵.
