4868 6420
208 308 286 388 726

217 483 287 557 No.
301 481 412 556 8169.

214 583 428 622 W

1065 497 1099 557 2.
1123 483 1202 568 Apr.

1064 577 1200 604 Μ

509 673 581 763 Ch.
620 671 906 762 Goldsteinio.

275 861 297 922 †
312 853 578 995 Epcpgrflqgcpplppin
597 855 660 916 cod.
674 855 756 912 Goth.
770 855 830 909 191.
851 873 878 928 p.
892 853 960 909 681³.
973 864 1001 909 et
1017 853 1047 909 in
1060 854 1123 911 cod·
1137 853 1202 910 Mo·

227 1071 232 1077 ’
290 1071 345 1151 D.
372 1067 604 1148 Chiliano
629 1068 888 1147 Goldstein
914 1069 986 1150 Ph.
1012 1071 1112 1151 Mel.

208 1187 540 1294 Deliberationem,
564 1233 669 1303 quam
687 1210 755 1280 tibi
773 1209 926 1280 describi
941 1209 1095 1295 volebas,
1120 1210 1203 1280 mit-

208 1325 281 1381 tam
303 1324 384 1405 post
400 1335 532 1403 paucos
547 1313 621 1380 dies
640 1335 802 1381 excusam
818 1311 912 1406 typis
933 1324 994 1381 aut
1018 1326 1111 1383 certe
1126 1335 1203 1380 ma-

208 1437 259 1483 uu
284 1415 507 1504 descriptam.
560 1412 665 1483 Nunc
686 1415 782 1483 enim
807 1413 918 1482 latine
939 1416 1070 1499 reddo,
1095 1438 1201 1507 quam

208 1530 319 1588 antea.
337 1516 458 1605 lingua
490 1537 655 1605 germana
685 1515 867 1606 composui
886 1514 925 1610 ²).
981 1512 1061 1585 Etsi
1083 1529 1202 1586 autem

207 1607 372 1688 Carolus
388 1641 464 1687 non
478 1612 645 1687 abhorret
659 1641 679 1686 a
692 1617 883 1687 moderatis
897 1616 1066 1703 consiliis,
1083 1630 1201 1687 tamen

207 1719 362 1790 aliorum
386 1721 546 1805 furores,
573 1721 635 1814 qui
662 1720 753 1801 sint,
778 1719 951 1789 videmus.
1002 1717 1141 1790 Recens
1163 1721 1203 1788 in

206 1816 363 1917 Belgica
382 1836 545 1892 matrona
568 1822 702 1892 nobilis
725 1846 806 1891 cum
829 1822 966 1891 duabus
983 1821 1123 1892 filiabus
1145 1822 1202 1912 pie

210 1938 245 1995 et
262 1924 390 2015 pudice
407 1925 564 1994 educatis
580 1937 730 1995 cremata
748 1937 799 1994 est
815 1936 959 2015 propter
973 1924 1052 2014 piae
1068 1924 1203 1993 doctri-

208 2050 276 2096 nae
297 2026 575 2111 confessionem,
603 2039 637 2096 et
655 2026 761 2095 audio
780 2049 837 2096 eas
859 2049 933 2095 non
955 2026 1060 2095 fuisse
1080 2040 1203 2097 conta-

208 2129 361 2198 minatas
390 2128 492 2197 malis
519 2128 762 2219 opinionibus.
813 2123 905 2198 Cum
932 2127 1083 2199 iunioris
1110 2128 1203 2197 filiae

176 2249 181 2258 ·
209 2229 427 2323 supplicium
443 2230 594 2301 dilatum
616 2244 724 2315 esset,
748 2242 789 2301 ut
802 2230 1001 2321 spectaculo
1022 2231 1203 2320 frangere-

210 2347 289 2418 tur,
312 2334 527 2421 interrogata
545 2345 684 2424 postea,
710 2355 757 2402 an
773 2345 995 2402 recantatura
1014 2345 1122 2417 esset,
1148 2355 1204 2401 re-

210 2435 376 2527 spondit,
400 2457 436 2503 se
457 2435 588 2504 ituram
604 2435 648 2503 ad
670 2447 819 2503 matrem
835 2447 868 2504 et
889 2456 1046 2504 sororem
1063 2434 1101 2503 in
1125 2458 1206 2504 coe-

209 2538 297 2611 lum.
324 2535 377 2607 lta
394 2550 428 2606 et
444 2538 488 2605 dc
502 2536 576 2628 ipsa
594 2549 774 2626 sumptum
789 2548 840 2605 est
856 2537 1079 2627 supplicium.
1107 2533 1206 2624 Quas

210 2660 336 2731 rupes,
362 2663 451 2732 quos
470 2638 633 2730 scopulos
656 2662 730 2707 non
752 2651 912 2716 moveret
925 2634 1012 2707 hacc
1026 2639 1204 2730 asperitas.

210 2739 286 2811 Nec
299 2753 413 2832 potest
427 2736 514 2810 baec
530 2741 672 2811 saevitia
691 2740 861 2811 diuturna
877 2762 960 2813 esse.
1003 2739 1072 2811 Sed
1089 2739 1204 2810 lilium

210 2840 299 2929 Dei,
321 2844 505 2913 dominum
524 2855 641 2916 nostr.
666 2839 694 2913 l.
710 2838 750 2911 C.
771 2865 933 2926 oremus,
959 2855 999 2912 ut
1021 2865 1088 2911 nos
1109 2853 1206 2931 regat

212 2958 247 3016 et
261 2958 376 3015 servet
396 2940 460 3013 bas
479 2941 654 3013 Ecclesias
675 2958 709 3014 et
724 2944 878 3033 politias.
913 2941 955 3012 B.
972 2942 1016 3012 V.
1035 2942 1152 3013 ·Feria
1168 2944 1205 3017 5.

211 3061 294 3140 post
308 3044 512 3116 Palmamm
528 3070 614 3120 ann.
627 3041 656 3142 ²)
672 3040 780 3118 1545.

365 3246 495 3323 Multi
508 3261 594 3323 suat
612 3251 746 3339 vocati,
769 3251 884 3350 pauci
898 3250 1000 3323 electi
1011 3249 1053 3349 ⁵).

316 3401 505 3495 Theologi'
526 3405 637 3475 multa
668 3419 703 3476 et
734 3405 832 3475 varia
859 3405 1041 3496 disputant
1065 3406 1110 3474 de
1136 3400 1206 3475 boc

215 3508 329 3594 dicto,
362 3507 434 3577 sed'
453 3520 627 3600 quantum
654 3530 717 3596 ego
751 3507 912 3578 existimo
944 3506 1206 3599 simplicissima

176 3655 177 3658 =
213 3610 402 3702 explicatio
424 3609 519 3678 sumi
542 3621 656 3701 potest
679 3632 721 3677 ex
747 3609 1030 3680 consideratione
1054 3621 1207 3702 quatuor

191 3748 195 3757 ·
218 3713 411 3800 graduum,
438 3704 525 3803 quos
546 3706 753 3780 Aristoteles
776 3724 941 3782 recenset.
993 3710 1088 3782 Sunt
1110 3711 1207 3781 enim

216 3811 396 3882 auditores
411 3809 600 3901 Evangelii
616 3811 874 3906 quadruplices.
927 3808 967 3904 1)
988 3807 1070 3880 Alii
1088 3826 1208 3882 amant

167 3974 172 3980 .
216 3908 452 4003 Evangelium
498 3905 626 4008 φύσει,
674 3913 698 3985 i.
730 3936 759 3980 e.
789 3913 1018 3997 naturaliter,
1062 3913 1100 3982 id
1137 3926 1207 3996 est,

218 4015 375 4085 oderunt
394 4016 538 4086 vincula
554 4016 670 4105 legum
693 4028 730 4083 et
744 4015 1042 4098 ceremoniarum,
1067 4028 1101 4084 et
1123 4039 1208 4084 con-

217 4132 274 4189 tra
291 4131 412 4187 amant
432 4118 642 4187 laxationem
664 4115 886 4206 disciplinac;
913 4139 1023 4209 quare
1038 4141 1118 4186 cum
1136 4116 1209 4185 exi-

219 4220 382 4304 stimant,
408 4215 596 4308 Evangelii
611 4217 808 4287 doctrinam
828 4240 900 4285 csse
917 4231 1048 4288 rectam
1063 4232 1097 4290 et
1113 4240 1210 4286 com-

220 4321 442 4413 pendiariam
465 4322 558 4389 viam
579 4321 623 4387 ad
649 4319 878 4388 obtinendam
900 4319 1098 4399 licentiam,
1121 4342 1210 4412 quae

222 4422 341 4493 omnia
359 4447 466 4492 onera
484 4420 632 4505 excutit,
656 4420 811 4512 quodam
828 4444 930 4489 caeco
948 4421 1066 4489 studio
1088 4421 1211 4489 serun-

222 4537 282 4596 tur
296 4525 340 4594 ad
354 4548 508 4594 amorem
522 4518 721 4610 Evangelii.
772 4517 832 4592 Ad
846 4516 942 4591 hunc
960 4521 1117 4612 primum
1133 4545 1211 4611 gra-

221 4628 309 4697 dum
323 4626 528 4697 collocanda
537 4622 568 4721 ⁴)
594 4637 646 4694 est
665 4622 817 4693 maxima
837 4646 920 4716 pars
942 4623 1039 4713 vulgi
1049 4619 1098 4717 ³),
1120 4634 1214 4717 quae

787 304 1228 386 urrsrouaauu
1286 310 1395 390 ιιιι.
1429 313 1494 392 ιιι.
1549 311 1681 393 1⁶45.
1751 278 1761 298 ‘

2178 329 2254 410 rsa
2272 318 2273 322 ‘

1257 485 1439 556 doctrinae
1466 488 1698 562 fundamenta
1728 507 1764 565 et
1788 498 2108 570 conuoversiarum
2133 503 2249 576 fontes

1256 587 1415 676 ignorat,
1443 615 1483 661 ac
1504 593 1652 683 perinde
1673 596 1874 671 considerat
1894 623 2037 671 cursum
2051 598 2248 698 Evangelii,

1255 701 1297 759 ut
1312 690 1377 759 bos
1393 695 1523 763 novam
1542 708 1680 785 portam
1695 697 1850 790 inspicit.

1356 790 1399 889 2)
1426 794 1520 867 Sunt
1543 811 1661 868 autem
1682 800 1762 883 alii,
1789 815 1823 871 et
1844 798 1884 872 hi
1902 806 2047 898 quidem
2067 810 2190 904 magni
2212 823 2247 881 et

1256 895 1413 982 nobiles,
1440 899 1503 991 qui
1517 923 1596 970 suas
1613 903 1657 970 de
1671 903 1842 992 religione
1856 908 2044 999 opiniones
2060 909 2246 983 inflectunt

1256 1019 1354 1066 more
1369 993 1563 1094 Ezeboli*)
1588 1005 1632 1071 ad
1649 1003 1794 1074 affectus
1817 1011 2056 1098 praesentium
2069 1014 2246 1100 guberna-

1256 1109 1386 1172 torum.
1436 1101 1542 1172 Tales
1555 1128 1652 1173 nunc
1671 1108 1773 1177 multi
1787 1123 1870 1180 sunt
1886 1111 1924 1180 in
1938 1114 2047 1198 aulis,
2072 1115 2135 1207 qui
2152 1110 2245 1186 banc

1255 1200 1311 1268 vel
1335 1202 1433 1270 illam
1456 1206 1665 1294 religionem
1683 1210 1855 1296 probant,
1881 1238 1955 1282 non
1979 1216 2074 1307 quod
2090 1240 2172 1287 vere
2196 1219 2244 1288 ita

1254 1303 1420 1418 sentiant,
1444 1299 1542 1405 [sed]
1557 1308 1639 1402 quia
1654 1311 1783 1389 nolunt
1796 1313 1975 1387 offendere
1990 1318 2127 1387 animos
2142 1320 2244 1411 prin-

1254 1427 1385 1496 cipum.

1356 1508 1398 1600 3)
1421 1508 1515 1580 Sunt
1544 1511 1649 1580 etiam
1675 1513 1755 1598 alii,
1797 1517 1859 1610 qni
1891 1540 2058 1606 magnum
2089 1523 2245 1593 studium

1255 1608 1394 1700 pietatis
1412 1624 1446 1680 et
1461 1612 1640 1703 singulare
1662 1616 1756 1685 zelus
1780 1641 1864 1707 prae
1886 1641 1921 1687 se
1937 1621 2076 1706 ferunt,
2101 1626 2161 1693 sed
2179 1619 2246 1694 hoc

1255 1726 1437 1801 praetextu
1462 1737 1541 1783 suas
1565 1716 1775 1806 cupiditates
1793 1720 1932 1811 explere
1950 1737 2135 1798 conantur.
2186 1720 2246 1795 Ad

1256 1808 1352 1882 bunc
1384 1816 1528 1885 tertium
1559 1819 1708 1905 gradum
1741 1821 1922 1912 pertinent
1952 1825 2057 1895 multi
2083 1822 2245 1898 homines

1255 1915 1361 1988 leves.
1612 1911 1623 1921 κ
2055 1929 2058 1934 ’

1357 2013 1400 2112 4)
1427 2015 1630 2088 Postremus
1658 2023 1786 2108 gradus
1816 2025 1974 2096 continet
1999 2052 2082 2097 vere
2108 2030 2248 2118 electos,

1256 2111 1324 2186 hoc
1341 2134 1410 2204 est,
1437 2145 1588 2215 quorum
1610 2147 1710 2192 mens
1730 2139 1823 2196 recte
1837 2127 1972 2198 iudicat
1984 2131 2028 2199 de
2049 2134 2247 2225 praecipuis

1257 2222 1507 2291 controversiis
1536 2236 1571 2294 et
1597 2248 1716 2294 earum
1745 2228 1975 2300 fundamenta
2000 2232 2186 2324 intelligit,
2213 2250 2248 2306 et

1257 2323 1422 2393 voluntas
1437 2325 1486 2393 sic
1503 2348 1522 2393 a
1541 2324 1601 2417 sp·
1618 2325 1654 2400 S.
1673 2329 1875 2401 confirmata
1899 2345 1968 2418 est,
1994 2349 2125 2404 utnon
2141 2337 2248 2407 dubi-

1257 2436 1333 2495 tent
1349 2449 1477 2496 omnes
1493 2451 1547 2496 res
1571 2421 1744 2499 humanas
1765 2431 1926 2502 amittere
1945 2449 2091 2526 propter
2110 2440 2247 2509 coufes-

1257 2526 1394 2596 sionem
1409 2529 1593 2600 doctrinae
1609 2531 1781 2602 drvrmtus
1795 2535 1957 2605 traditae.
2016 2536 2070 2608 De
2085 2534 2150 2609 hac
2165 2565 2248 2632 per-

1258 2632 1474 2716 severantia,
1499 2654 1588 2724 quae
1608 2632 1647 2700 in
1669 2656 1799 2724 paucos
1815 2638 1926 2717 cadit,
1953 2639 2030 2708 sine
2050 2641 2123 2710 ulla
2141 2642 2249 2714 dubi-

1258 2731 1393 2801 tatione
1408 2732 1569 2827 loquitur
1584 2730 1758 2808 Christus.
1798 2734 1878 2831 Non
1895 2734 1989 2807 enim
2005 2742 2089 2812 facit
2105 2743 2247 2813 electio-

1257 2856 1339 2900 nem
1357 2834 1625 2923 particularem,
1649 2838 1710 2906 sed
1728 2836 1805 2908 vult
1825 2839 1981 2909 discerni
2000 2844 2129 2931 gradus
2145 2845 2248 2914 aucli-

1259 2948 1377 3005 torum
1401 2931 1607 3027 Evangelii,
1642 2961 1771 3032 eosque
1794 2941 1972 3011 aestimari
1998 2967 2072 3013 non
2101 2945 2247 3038 quidem

1259 3049 1401 3106 externa
1418 3039 1552 3129 specie,
1579 3063 1647 3132 qua
1666 3036 1760 3109 nihil
1776 3041 1944 3114 incertius
1962 3058 1996 3115 et
2010 3047 2170 3118 fallacius
2187 3062 2249 3135 cst,

1258 3140 1319 3206 sed
1334 3140 1447 3210 causis
1462 3140 1704 3222 interioribus,
1728 3143 1861 3214 scilicet
1876 3159 1993 3216 mente
2010 3163 2044 3220 et
2055 3149 2247 3224 voluntate.

1269 3499 1339 3573 No.
1355 3504 1471 3574 5170.

1264 3603 1477 3642 Μ

2086 3521 2248 3608 (a-Apr)

2088 3615 2247 3642 M

1492 3710 1498 3719 “
1595 3725 1598 3728 ’
1661 3663 1859 3799 Manae.

1329 3879 1408 3934 Edita
1436 3879 1464 3933 in
1489 3882 1536 3936 lib.
1557 3883 1605 3941 lll.
1630 3886 1707 3957 epist.
1732 3905 1758 3958 p.
1781 3890 1840 3943 171.
1865 3908 1880 3943 a
1905 3890 2023 3947 Perelio.
2050 3893 2138 3963 (Edit.
2157 3897 2248 3956 Loud.

1363 3949 1412 4003 lib.
1433 3950 1667 4037 1111991)-
1710 3957 1823 4012 Contuli
1848 3959 1954 4028 Apogra
1975 3962 2006 4017 ba
2030 3963 2058 4018 in
2083 3967 2149 4023 eod.
2165 3968 2248 4026 Goth.

1362 4018 1422 4074 191.
1440 4037 1467 4090 p.
1481 4020 1524 4076 35.
1541 4031 1567 4076 et
1586 4041 1615 4076 m
1633 4026 1694 4084 cod.
1713 4025 1798 4081 Gotb.
1815 4026 1878 4082 tol.
1898 4047 1926 4100 p.
1938 3981 2005 4086 sib.

1592 4173 1728 4249 Iusto
1761 4176 1917 4252 Ionae.

1262 4289 1308 4381 S·
1335 4307 1381 4382 D.
1431 4307 1546 4382 Aiunt
1559 4306 1793 4383 Timotheum
1810 4313 1944 4387 Ducem
1953 4312 1979 4416 ¹)
1998 4314 2169 4401 Atticum,
2194 4325 2251 4397 cui

1264 4414 1455 4504 pingebant
1483 4415 1673 4484 dormienti
1699 4417 1879 4488 fortunam
1903 4418 2049 4511 implere
2068 4416 2097 4516 ²)
2126 4423 2254 4499 insulis

1266 4530 1301 4587 et
1324 4517 1473 4586 urbibus
1496 4515 1604 4601 retia,
1638 4541 1841 4611 quanquam
1864 4521 2027 4613 inprimis
2050 4523 2254 4601 farcinatus

1266 4614 1502 4714 videretur'),
1527 4633 1646 4689 tamen
1668 4621 1765 4689 domi
1780 4623 1982 4694 audientem
1997 4623 2159 4697 Platonis
2180 4652 2253 4699 ser-

1268 4744 1392 4790 mones
1414 4722 1601 4789 denatura
1623 4734 1656 4791 et
1682 4722 1795 4791 causis
1811 4725 2002 4794 multarum
2024 4751 2166 4814 rerum,
2193 4734 2254 4800 de·

1161 4882 1164 4887 .
1268 4824 1422 4913 plorasse
1437 4845 1535 4891 suam
1551 4822 1830 4905 infoelicitatem,
1858 4827 2078 4918 quod'vitam
2094 4829 2133 4897 in
2147 4831 2255 4901 illite-

206 4956 209 4963 '
258 4946 286 5012 1)
303 4944 378 4999 llaec
400 4944 480 4997 verba
505 4941 534 4994 in
554 4937 616 4995 eod.
634 4938 716 4992 Mon.
740 4956 796 4992 non
816 4937 958 5008 leguntur,
983 4945 1009 4991 et
1047 4939 1216 4992 raetermissa

291 5013 420 5068 videntur
438 5021 596 5083 propterea,
616 5007 690 5077 quod
708 5005 753 5060 ills
774 5005 933 5060 deliberatio
951 5003 989 5058 ibi
1008 4955 1140 5078 sinapi·
1165 5018 1215 5075 est,

293 5098 365 5156 quae
380 5083 408 5135 in
422 5081 486 5136 cod.
500 5078 584 5132 Gotb.
602 5094 660 5129 non
677 5074 798 5131 babetur.
837 5073 952 5128 Videtur
970 5073 1046 5145 loqui
1063 5074 1097 5129 de
1114 5075 1216 5131 Reior-

296 5150 418 5205 matioue
437 5143 658 5218 Witebergensi.

259 5238 287 5307 i)
303 5234 383 5290 Diem
406 5232 468 5287 cod.
486 5229 570 5285 Goth.
593 5247 650 5282 nou
668 5226 760 5281 babet.

261 5322 291 5392 1)
309 5321 383 5376 llaec
400 5326 505 5372 tantum
525 5314 554 5369 io
573 5313 636 5369 cod.
654 5312 768 5366 Monac.
783 5310 933 5375 adduntur.

263 5411 292 5477 1)
311 5406 382 5462 cod.
401 5405 542 5458 collauda.

254 5497 298 5570 ¹0)
317 5494 389 5551 eod.
407 5493 512 5558 vulgus.

1268 4925 1352 4994 ratis
1375 4924 1668 5016 occupationibus
1685 4940 1817 5016 ageret,
1851 4925 2035 5019 Platonem
2052 4954 2141 5026 vero
2154 4957 2257 5024 prae-

1269 5109 1475 5122 ——Q-

1303 5226 1332 5296 *)
1352 5223 1475 5280 lesabel?

1306 5312 1333 5378 1)
1351 5311 1460 5365 Ducem
1477 5308 1542 5370 Pes.
1560 5328 1617 5363 uon
1636 5311 1724 5376 babet.

1306 5398 1335 5466 2)
1352 5393 1480 5464 implere]
1501 5392 1565 5450 Per.
1587 5396 1705 5452 inai‘oere.

1311 5479 1338 5548 3)
1357 5481 1513 5624 videretqrg
1521 5478 1593 5584 ped.
1609 5477 1693 5534 Gotb.
1709 5480 1768 5536 191.
1786 5492 1858 5537 erat.
