<?xml version="1.0" encoding="UTF-8"?>
<!DOCTYPE html PUBLIC "-//W3C//DTD XHTML 1.0 Transitional//EN"
    "http://www.w3.org/TR/xhtml1/DTD/xhtml1-transitional.dtd">
<html xmlns="http://www.w3.org/1999/xhtml" xml:lang="en" lang="en">
 <head>
  <title>
</title>
<meta http-equiv="Content-Type" content="text/html;charset=utf-8" />
  <meta name='ocr-system' content='tesseract 3.04.00' />
  <meta name='ocr-capabilities' content='ocr_page ocr_carea ocr_par ocr_line ocrx_word'/>
</head>
<body>
  <div class='ocr_page' id='page_1' title='image "./philippimelanth13melagoog/philippimelanth13melagoog_0250.png"; bbox 0 0 4882 6426; ppageno 0'>
   <div class='ocr_carea' id='block_1_1' title="bbox 195 290 2239 415">
    <p class='ocr_par' dir='ltr' id='par_1_1' title="bbox 195 290 2239 415">
     <span class='ocr_line' id='line_1_1' title="bbox 195 290 2239 415; baseline 0.002 -26"><span class='ocrx_word' id='word_1_1' title='bbox 195 312 273 392; x_wconf 81' lang='lat' dir='ltr'>eos</span> <span class='ocrx_word' id='word_1_2' title='bbox 772 304 1212 415; x_wconf 74' lang='lat' dir='ltr'>sersaonauun</span> <span class='ocrx_word' id='word_1_3' title='bbox 1270 306 1379 384; x_wconf 81' lang='lat' dir='ltr'>um.</span> <span class='ocrx_word' id='word_1_4' title='bbox 1413 306 1478 387; x_wconf 81' lang='lat' dir='ltr'>ut.</span> <span class='ocrx_word' id='word_1_5' title='bbox 1532 303 1664 385; x_wconf 78' lang='lat'>1544.</span> <span class='ocrx_word' id='word_1_6' title='bbox 2161 290 2239 394; x_wconf 78' lang='lat' dir='ltr'>tos</span> 
     </span>
    </p>
   </div>
   <div class='ocr_carea' id='block_1_2' title="bbox 195 477 2240 1696">
    <p class='ocr_par' dir='ltr' id='par_1_2' title="bbox 195 477 2240 1696">
     <span class='ocr_line' id='line_1_2' title="bbox 196 477 2238 584; baseline 0.004 -31"><span class='ocrx_word' id='word_1_7' title='bbox 196 483 505 583; x_wconf 76' lang='grc' dir='ltr'><strong><em>συγκακοπαθεῖν</em></strong></span> <span class='ocrx_word' id='word_1_8' title='bbox 524 487 579 581; x_wconf 78' lang='grc' dir='ltr'>τῷ</span> <span class='ocrx_word' id='word_1_9' title='bbox 599 477 820 584; x_wconf 68' lang='grc' dir='ltr'><em>εὐαγγελίῳ,</em></span> <span class='ocrx_word' id='word_1_10' title='bbox 841 507 905 553; x_wconf 89' lang='lat' dir='ltr'>nec</span> <span class='ocrx_word' id='word_1_11' title='bbox 927 482 1121 576; x_wconf 80' lang='lat' dir='ltr'><strong>quidquam</strong></span> <span class='ocrx_word' id='word_1_12' title='bbox 1137 494 1193 552; x_wconf 89' lang='lat' dir='ltr'>ta·</span> <span class='ocrx_word' id='word_1_13' title='bbox 1245 477 1440 578; x_wconf 85' lang='lat' dir='ltr'>cutiunt⁷).</span> <span class='ocrx_word' id='word_1_14' title='bbox 1490 478 1637 551; x_wconf 87' lang='lat' dir='ltr'>luterim</span> <span class='ocrx_word' id='word_1_15' title='bbox 1660 494 1778 553; x_wconf 89' lang='lat' dir='ltr'>tamen</span> <span class='ocrx_word' id='word_1_16' title='bbox 1803 484 1908 557; x_wconf 90' lang='lat' dir='ltr'>multi</span> <span class='ocrx_word' id='word_1_17' title='bbox 1931 499 2014 557; x_wconf 92' lang='lat' dir='ltr'>sunt</span> <span class='ocrx_word' id='word_1_18' title='bbox 2029 488 2073 558; x_wconf 91' lang='lat' dir='ltr'>de</span> <span class='ocrx_word' id='word_1_19' title='bbox 2094 489 2238 565; x_wconf 87' lang='lat' dir='ltr'>teinter</span> 
     </span>
     <span class='ocr_line' id='line_1_3' title="bbox 196 581 2237 672; baseline 0.002 -14"><span class='ocrx_word' id='word_1_20' title='bbox 196 611 279 658; x_wconf 88' lang='lat' dir='ltr'>meu</span> <span class='ocrx_word' id='word_1_21' title='bbox 298 587 527 657; x_wconf 89' lang='lat' dir='ltr'>immoderate</span> <span class='ocrx_word' id='word_1_22' title='bbox 542 589 679 658; x_wconf 82' lang='lat' dir='ltr'>faciam.</span> <span class='ocrx_word' id='word_1_23' title='bbox 707 586 745 657; x_wconf 83' lang='lat' dir='ltr'>si</span> <span class='ocrx_word' id='word_1_24' title='bbox 761 581 853 654; x_wconf 90' lang='lat' dir='ltr'>mihi</span> <span class='ocrx_word' id='word_1_25' title='bbox 868 599 973 655; x_wconf 90' lang='lat' dir='ltr'>erunt</span> <span class='ocrx_word' id='word_1_26' title='bbox 986 584 1191 655; x_wconf 73' lang='lat' dir='ltr'>scribendae</span> <span class='ocrx_word' id='word_1_27' title='bbox 1247 597 1384 653; x_wconf 90' lang='lat' dir='ltr'>nostros</span> <span class='ocrx_word' id='word_1_28' title='bbox 1400 583 1540 666; x_wconf 75' lang='lat' dir='ltr'>arcticos,</span> <span class='ocrx_word' id='word_1_29' title='bbox 1556 585 1892 672; x_wconf 75' lang='lat' dir='ltr'>virosdoctissimos,</span> <span class='ocrx_word' id='word_1_30' title='bbox 1909 581 2094 659; x_wconf 87' lang='lat' dir='ltr'>honorifici</span> <span class='ocrx_word' id='word_1_31' title='bbox 2104 615 2237 663; x_wconf 91' lang='lat' dir='ltr'>sermo-</span> 
     </span>
     <span class='ocr_line' id='line_1_4' title="bbox 195 683 2236 783; baseline 0.001 -22"><span class='ocrx_word' id='word_1_32' title='bbox 195 683 433 783; x_wconf 82' lang='grc' dir='ltr'><strong><em>παρασκευαί</em></strong></span> <span class='ocrx_word' id='word_1_33' title='bbox 446 703 640 758; x_wconf 89' lang='lat' dir='ltr'>conventus</span> <span class='ocrx_word' id='word_1_34' title='bbox 657 688 780 771; x_wconf 85' lang='lat' dir='ltr'>futuri,</span> <span class='ocrx_word' id='word_1_35' title='bbox 797 687 1007 757; x_wconf 80' lang='lat' dir='ltr'>distribuam</span> <span class='ocrx_word' id='word_1_36' title='bbox 1025 709 1113 776; x_wconf 90' lang='lat' dir='ltr'>opus</span> <span class='ocrx_word' id='word_1_37' title='bbox 1130 685 1193 769; x_wconf 86' lang='lat' dir='ltr'>ita,</span> <span class='ocrx_word' id='word_1_38' title='bbox 1246 709 1320 770; x_wconf 92' lang='lat' dir='ltr'>nes,</span> <span class='ocrx_word' id='word_1_39' title='bbox 1348 686 1409 778; x_wconf 91' lang='lat' dir='ltr'>qui</span> <span class='ocrx_word' id='word_1_40' title='bbox 1427 687 1692 755; x_wconf 85' lang='lat' dir='ltr'>benevolentiae</span> <span class='ocrx_word' id='word_1_41' title='bbox 1708 710 1788 776; x_wconf 82' lang='lat' dir='ltr'>erga</span> <span class='ocrx_word' id='word_1_42' title='bbox 1804 702 1838 757; x_wconf 89' lang='lat' dir='ltr'>te</span> <span class='ocrx_word' id='word_1_43' title='bbox 1853 702 1994 760; x_wconf 88' lang='lat' dir='ltr'>nostrae</span> <span class='ocrx_word' id='word_1_44' title='bbox 2008 691 2236 781; x_wconf 83' lang='lat' dir='ltr'>significatio-</span> 
     </span>
     <span class='ocr_line' id='line_1_5' title="bbox 197 784 2236 883; baseline 0.001 -21"><span class='ocrx_word' id='word_1_45' title='bbox 197 804 240 862; x_wconf 85' lang='lat' dir='ltr'>ut</span> <span class='ocrx_word' id='word_1_46' title='bbox 255 790 410 882; x_wconf 90' lang='lat' dir='ltr'>primum</span> <span class='ocrx_word' id='word_1_47' title='bbox 429 814 540 883; x_wconf 88' lang='lat' dir='ltr'>pauca</span> <span class='ocrx_word' id='word_1_48' title='bbox 559 792 672 859; x_wconf 91' lang='lat' dir='ltr'>dicam</span> <span class='ocrx_word' id='word_1_49' title='bbox 689 792 733 859; x_wconf 89' lang='lat' dir='ltr'>de</span> <span class='ocrx_word' id='word_1_50' title='bbox 748 788 929 872; x_wconf 87' lang='lat' dir='ltr'>doctrina,</span> <span class='ocrx_word' id='word_1_51' title='bbox 954 811 1060 880; x_wconf 90' lang='lat' dir='ltr'>quam</span> <span class='ocrx_word' id='word_1_52' title='bbox 1077 787 1192 856; x_wconf 87' lang='lat' dir='ltr'>dicam</span> <span class='ocrx_word' id='word_1_53' title='bbox 1246 810 1327 854; x_wconf 89' lang='lat' dir='ltr'>nem</span> <span class='ocrx_word' id='word_1_54' title='bbox 1346 811 1418 854; x_wconf 91' lang='lat' dir='ltr'>uon</span> <span class='ocrx_word' id='word_1_55' title='bbox 1436 788 1621 855; x_wconf 80' lang='lat' dir='ltr'>obscuram</span> <span class='ocrx_word' id='word_1_56' title='bbox 1639 789 1832 873; x_wconf 74' lang='lat' dir='ltr'>continent,</span> <span class='ocrx_word' id='word_1_57' title='bbox 1849 784 1945 883; x_wconf 78' lang='lat' dir='ltr'>uti⁸)</span> <span class='ocrx_word' id='word_1_58' title='bbox 1961 793 2081 863; x_wconf 88' lang='lat' dir='ltr'>testari</span> <span class='ocrx_word' id='word_1_59' title='bbox 2094 790 2153 864; x_wconf 95' lang='lat' dir='ltr'>hic</span> <span class='ocrx_word' id='word_1_60' title='bbox 2167 819 2236 865; x_wconf 90' lang='lat' dir='ltr'>no-</span> 
     </span>
     <span class='ocr_line' id='line_1_6' title="bbox 198 882 2236 989; baseline 0.004 -33"><span class='ocrx_word' id='word_1_61' title='bbox 198 892 288 964; x_wconf 79' lang='lat' dir='ltr'>alibi</span> <span class='ocrx_word' id='word_1_62' title='bbox 303 914 404 982; x_wconf 87' lang='lat' dir='ltr'>saepe</span> <span class='ocrx_word' id='word_1_63' title='bbox 422 893 614 982; x_wconf 79' lang='lat' dir='ltr'>expositam</span> <span class='ocrx_word' id='word_1_64' title='bbox 631 915 717 974; x_wconf 67' lang='lat' dir='ltr'>essu,</span> <span class='ocrx_word' id='word_1_65' title='bbox 743 905 776 962; x_wconf 91' lang='lat' dir='ltr'>et</span> <span class='ocrx_word' id='word_1_66' title='bbox 792 914 867 959; x_wconf 92' lang='lat' dir='ltr'>non</span> <span class='ocrx_word' id='word_1_67' title='bbox 884 913 957 958; x_wconf 90' lang='lat' dir='ltr'>esse</span> <span class='ocrx_word' id='word_1_68' title='bbox 974 890 1193 962; x_wconf 88' lang='lat' dir='ltr'>mutandam.</span> <span class='ocrx_word' id='word_1_69' title='bbox 1245 901 1318 957; x_wconf 90' lang='lat' dir='ltr'>ster</span> <span class='ocrx_word' id='word_1_70' title='bbox 1342 888 1476 955; x_wconf 88' lang='lat' dir='ltr'>amicus</span> <span class='ocrx_word' id='word_1_71' title='bbox 1497 884 1594 982; x_wconf 80' lang='lat' dir='ltr'>M.⁹)</span> <span class='ocrx_word' id='word_1_72' title='bbox 1618 882 1786 958; x_wconf 78' lang='lat' dir='ltr'>Andreas</span> <span class='ocrx_word' id='word_1_73' title='bbox 1808 884 2030 989; x_wconf 76' lang='lat' dir='ltr'>Aurisnber,</span> <span class='ocrx_word' id='word_1_74' title='bbox 2062 893 2236 965; x_wconf 90' lang='lat' dir='ltr'>Vratisla-</span> 
     </span>
     <span class='ocr_line' id='line_1_7' title="bbox 199 988 2236 1084; baseline 0.002 -22"><span class='ocrx_word' id='word_1_75' title='bbox 199 991 366 1068; x_wconf 83' lang='lat' dir='ltr'>Secundo</span> <span class='ocrx_word' id='word_1_76' title='bbox 381 993 497 1062; x_wconf 91' lang='lat' dir='ltr'>dicam</span> <span class='ocrx_word' id='word_1_77' title='bbox 514 995 559 1062; x_wconf 88' lang='lat' dir='ltr'>de</span> <span class='ocrx_word' id='word_1_78' title='bbox 581 1017 647 1064; x_wconf 91' lang='lat' dir='ltr'>usu</span> <span class='ocrx_word' id='word_1_79' title='bbox 667 991 998 1075; x_wconf 67' lang='lat' dir='ltr'>sacramentorum</span> <span class='ocrx_word' id='word_1_80' title='bbox 1026 989 1131 1060; x_wconf 90' lang='lat' dir='ltr'>tertio</span> <span class='ocrx_word' id='word_1_81' title='bbox 1148 991 1193 1058; x_wconf 89' lang='lat' dir='ltr'>de</span> <span class='ocrx_word' id='word_1_82' title='bbox 1246 989 1394 1067; x_wconf 89' lang='lat' dir='ltr'>viensis‚</span> <span class='ocrx_word' id='word_1_83' title='bbox 1421 1002 1553 1078; x_wconf 88' lang='lat' dir='ltr'>potest,</span> <span class='ocrx_word' id='word_1_84' title='bbox 1578 992 1622 1058; x_wconf 91' lang='lat' dir='ltr'>de</span> <span class='ocrx_word' id='word_1_85' title='bbox 1635 1015 1706 1084; x_wconf 89' lang='lat' dir='ltr'>quo</span> <span class='ocrx_word' id='word_1_86' title='bbox 1723 992 1768 1059; x_wconf 89' lang='lat' dir='ltr'>ad</span> <span class='ocrx_word' id='word_1_87' title='bbox 1786 1004 1818 1061; x_wconf 90' lang='lat' dir='ltr'>te</span> <span class='ocrx_word' id='word_1_88' title='bbox 1834 988 1902 1062; x_wconf 92' lang='lat' dir='ltr'>hoc</span> <span class='ocrx_word' id='word_1_89' title='bbox 1919 1006 2130 1084; x_wconf 83' lang='lat' dir='ltr'>temperent</span> <span class='ocrx_word' id='word_1_90' title='bbox 2148 997 2236 1066; x_wconf 87' lang='lat' dir='ltr'>scri-</span> 
     </span>
     <span class='ocr_line' id='line_1_8' title="bbox 200 1089 2236 1190; baseline 0.004 -30"><span class='ocrx_word' id='word_1_91' title='bbox 200 1093 345 1188; x_wconf 89' lang='lat' dir='ltr'>politia,</span> <span class='ocrx_word' id='word_1_92' title='bbox 379 1094 624 1186; x_wconf 89' lang='lat' dir='ltr'>episcoporum</span> <span class='ocrx_word' id='word_1_93' title='bbox 647 1089 930 1190; x_wconf 82' lang='lat' dir='ltr'>inspectione⁴);</span> <span class='ocrx_word' id='word_1_94' title='bbox 971 1091 1113 1162; x_wconf 89' lang='lat' dir='ltr'>iudiciis</span> <span class='ocrx_word' id='word_1_95' title='bbox 1137 1113 1193 1159; x_wconf 90' lang='lat' dir='ltr'>ec·</span> <span class='ocrx_word' id='word_1_96' title='bbox 1247 1093 1384 1171; x_wconf 89' lang='lat' dir='ltr'>herem,</span> <span class='ocrx_word' id='word_1_97' title='bbox 1409 1091 1508 1178; x_wconf 83' lang='lat' dir='ltr'>gravi</span> <span class='ocrx_word' id='word_1_98' title='bbox 1531 1091 1638 1160; x_wconf 85' lang='lat' dir='ltr'>officii</span> <span class='ocrx_word' id='word_1_99' title='bbox 1656 1093 1792 1185; x_wconf 83' lang='lat' dir='ltr'>ratione</span> <span class='ocrx_word' id='word_1_100' title='bbox 1808 1095 1981 1164; x_wconf 87' lang='lat' dir='ltr'>adductus</span> <span class='ocrx_word' id='word_1_101' title='bbox 1999 1119 2088 1169; x_wconf 90' lang='lat' dir='ltr'>sum.</span> <span class='ocrx_word' id='word_1_102' title='bbox 2138 1094 2236 1169; x_wconf 88' lang='lat' dir='ltr'>Colit</span> 
     </span>
     <span class='ocr_line' id='line_1_9' title="bbox 201 1183 2238 1288; baseline 0.002 -20"><span class='ocrx_word' id='word_1_103' title='bbox 201 1196 404 1268; x_wconf 82' lang='lat' dir='ltr'>elesiosticis</span> <span class='ocrx_word' id='word_1_104' title='bbox 428 1209 462 1265; x_wconf 91' lang='lat' dir='ltr'>et</span> <span class='ocrx_word' id='word_1_105' title='bbox 485 1219 644 1269; x_wconf 88' lang='lat' dir='ltr'>censura.</span> <span class='ocrx_word' id='word_1_106' title='bbox 703 1194 774 1266; x_wconf 85' lang='lat' dir='ltr'>Sed</span> <span class='ocrx_word' id='word_1_107' title='bbox 800 1195 891 1265; x_wconf 90' lang='lat' dir='ltr'>illud</span> <span class='ocrx_word' id='word_1_108' title='bbox 913 1194 1109 1264; x_wconf 87' lang='lat' dir='ltr'>dolendum</span> <span class='ocrx_word' id='word_1_109' title='bbox 1131 1205 1194 1277; x_wconf 89' lang='lat' dir='ltr'>est,</span> <span class='ocrx_word' id='word_1_110' title='bbox 1241 1184 1303 1261; x_wconf 90' lang='lat' dir='ltr'>hic</span> <span class='ocrx_word' id='word_1_111' title='bbox 1313 1183 1483 1260; x_wconf 75' lang='lat' dir='ltr'>Andreas</span> <span class='ocrx_word' id='word_1_112' title='bbox 1499 1215 1578 1260; x_wconf 90' lang='lat' dir='ltr'>cum</span> <span class='ocrx_word' id='word_1_113' title='bbox 1596 1193 1778 1264; x_wconf 88' lang='lat' dir='ltr'>universae</span> <span class='ocrx_word' id='word_1_114' title='bbox 1801 1189 2046 1288; x_wconf 73' lang='lat' dir='ltr'><strong>philosophiae</strong></span> <span class='ocrx_word' id='word_1_115' title='bbox 2062 1211 2139 1268; x_wconf 89' lang='lat' dir='ltr'>tum</span> <span class='ocrx_word' id='word_1_116' title='bbox 2152 1225 2238 1274; x_wconf 89' lang='lat' dir='ltr'>vero</span> 
     </span>
     <span class='ocr_line' id='line_1_10' title="bbox 201 1288 2237 1391; baseline 0.004 -28"><span class='ocrx_word' id='word_1_117' title='bbox 201 1296 380 1391; x_wconf 77' lang='lat' dir='ltr'>principes</span> <span class='ocrx_word' id='word_1_118' title='bbox 394 1297 562 1390; x_wconf 91' lang='lat' dir='ltr'>utrinque</span> <span class='ocrx_word' id='word_1_119' title='bbox 576 1291 669 1365; x_wconf 91' lang='lat' dir='ltr'>nihil</span> <span class='ocrx_word' id='word_1_120' title='bbox 680 1320 764 1366; x_wconf 88' lang='lat' dir='ltr'>vero</span> <span class='ocrx_word' id='word_1_121' title='bbox 782 1297 898 1366; x_wconf 92' lang='lat' dir='ltr'>studio</span> <span class='ocrx_word' id='word_1_122' title='bbox 913 1288 977 1367; x_wconf 83' lang='grc' dir='ltr'>καὶ</span> <span class='ocrx_word' id='word_1_123' title='bbox 993 1296 1195 1390; x_wconf 71' lang='grc' dir='ltr'><strong><em>εἰλικρινῶς</em></strong></span> <span class='ocrx_word' id='word_1_124' title='bbox 1248 1295 1401 1361; x_wconf 88' lang='lat' dir='ltr'>medicae</span> <span class='ocrx_word' id='word_1_125' title='bbox 1423 1293 1509 1362; x_wconf 89' lang='lat' dir='ltr'>artis</span> <span class='ocrx_word' id='word_1_126' title='bbox 1531 1295 1747 1380; x_wconf 84' lang='lat' dir='ltr'>doctrinam,</span> <span class='ocrx_word' id='word_1_127' title='bbox 1773 1319 1924 1391; x_wconf 81' lang='lat' dir='ltr'>cumque</span> <span class='ocrx_word' id='word_1_128' title='bbox 1941 1300 2003 1369; x_wconf 92' lang='lat' dir='ltr'>diu</span> <span class='ocrx_word' id='word_1_129' title='bbox 2021 1300 2237 1391; x_wconf 75' lang='lat' dir='ltr'>professores</span> 
     </span>
     <span class='ocr_line' id='line_1_11' title="bbox 201 1389 2240 1493; baseline 0.003 -24"><span class='ocrx_word' id='word_1_130' title='bbox 201 1421 316 1487; x_wconf 79' lang='lat' dir='ltr'>agere.</span> <span class='ocrx_word' id='word_1_131' title='bbox 374 1396 428 1468; x_wconf 89' lang='lat' dir='ltr'>De</span> <span class='ocrx_word' id='word_1_132' title='bbox 458 1396 504 1472; x_wconf 91' lang='lat' dir='ltr'>D.</span> <span class='ocrx_word' id='word_1_133' title='bbox 528 1400 681 1468; x_wconf 92' lang='lat' dir='ltr'>doctoris</span> <span class='ocrx_word' id='word_1_134' title='bbox 703 1389 873 1493; x_wconf 78' lang='lat' dir='ltr'>Adelphs&#39;</span> <span class='ocrx_word' id='word_1_135' title='bbox 901 1397 975 1469; x_wconf 87' lang='lat' dir='ltr'>filio</span> <span class='ocrx_word' id='word_1_136' title='bbox 1000 1395 1125 1488; x_wconf 87' lang='lat' dir='ltr'>scripsi</span> <span class='ocrx_word' id='word_1_137' title='bbox 1148 1392 1194 1467; x_wconf 90' lang='lat' dir='ltr'>D.</span> <span class='ocrx_word' id='word_1_138' title='bbox 1247 1395 1285 1464; x_wconf 89' lang='lat' dir='ltr'>in</span> <span class='ocrx_word' id='word_1_139' title='bbox 1304 1392 1497 1464; x_wconf 90' lang='lat' dir='ltr'>Germania</span> <span class='ocrx_word' id='word_1_140' title='bbox 1510 1395 1696 1482; x_wconf 86' lang='lat' dir='ltr'>audiverit,</span> <span class='ocrx_word' id='word_1_141' title='bbox 1721 1409 1755 1467; x_wconf 87' lang='lat' dir='ltr'>et</span> <span class='ocrx_word' id='word_1_142' title='bbox 1769 1398 1959 1490; x_wconf 74' lang='lat' dir='ltr'>diligenter</span> <span class='ocrx_word' id='word_1_143' title='bbox 1972 1400 2047 1492; x_wconf 89' lang='lat' dir='ltr'>ipse</span> <span class='ocrx_word' id='word_1_144' title='bbox 2057 1400 2240 1475; x_wconf 86' lang='lat' dir='ltr'>Galenurn</span> 
     </span>
     <span class='ocr_line' id='line_1_12' title="bbox 203 1490 2237 1593; baseline 0.004 -27"><span class='ocrx_word' id='word_1_145' title='bbox 203 1492 383 1593; x_wconf 81' lang='lat' dir='ltr'>Geryoni.</span> <span class='ocrx_word' id='word_1_146' title='bbox 441 1495 661 1569; x_wconf 84' lang='lat' dir='ltr'>Commendo</span> <span class='ocrx_word' id='word_1_147' title='bbox 693 1499 762 1569; x_wconf 91' lang='lat' dir='ltr'>tibi</span> <span class='ocrx_word' id='word_1_148' title='bbox 791 1494 887 1569; x_wconf 89' lang='lat' dir='ltr'>hunc</span> <span class='ocrx_word' id='word_1_149' title='bbox 918 1493 1092 1590; x_wconf 81' lang='lat' dir='ltr'>hospitem</span> <span class='ocrx_word' id='word_1_150' title='bbox 1115 1490 1196 1564; x_wconf 83' lang='lat' dir='ltr'>An-</span> <span class='ocrx_word' id='word_1_151' title='bbox 1247 1495 1387 1586; x_wconf 81' lang='lat' dir='ltr'>legerit,</span> <span class='ocrx_word' id='word_1_152' title='bbox 1412 1511 1557 1568; x_wconf 84' lang='lat' dir='ltr'>naturas</span> <span class='ocrx_word' id='word_1_153' title='bbox 1578 1521 1697 1567; x_wconf 86' lang='lat' dir='ltr'>rerum</span> <span class='ocrx_word' id='word_1_154' title='bbox 1720 1500 1914 1571; x_wconf 84' lang='lat' dir='ltr'>multarum</span> <span class='ocrx_word' id='word_1_155' title='bbox 1937 1514 1972 1572; x_wconf 93' lang='lat' dir='ltr'>et</span> <span class='ocrx_word' id='word_1_156' title='bbox 1997 1505 2237 1582; x_wconf 83' lang='lat' dir='ltr'>remediorum</span> 
     </span>
     <span class='ocr_line' id='line_1_13' title="bbox 204 1593 2239 1696; baseline 0.003 -26"><span class='ocrx_word' id='word_1_157' title='bbox 204 1593 332 1670; x_wconf 82' lang='lat' dir='ltr'>dream</span> <span class='ocrx_word' id='word_1_158' title='bbox 347 1602 481 1671; x_wconf 90' lang='lat' dir='ltr'>iturum</span> <span class='ocrx_word' id='word_1_159' title='bbox 497 1601 536 1669; x_wconf 91' lang='lat' dir='ltr'>iu</span> <span class='ocrx_word' id='word_1_160' title='bbox 554 1597 750 1696; x_wconf 81' lang='lat' dir='ltr'>ltaliam⁸).</span> <span class='ocrx_word' id='word_1_161' title='bbox 804 1599 872 1668; x_wconf 86' lang='lat' dir='ltr'>Vir</span> <span class='ocrx_word' id='word_1_162' title='bbox 887 1603 1002 1671; x_wconf 92' lang='lat' dir='ltr'>bouus</span> <span class='ocrx_word' id='word_1_163' title='bbox 1020 1613 1053 1668; x_wconf 90' lang='lat' dir='ltr'>et</span> <span class='ocrx_word' id='word_1_164' title='bbox 1069 1601 1195 1668; x_wconf 88' lang='lat' dir='ltr'>doctus</span> <span class='ocrx_word' id='word_1_165' title='bbox 1248 1597 1493 1690; x_wconf 76' lang='lat' dir='ltr'>inquisiverit,</span> <span class='ocrx_word' id='word_1_166' title='bbox 1525 1624 1621 1671; x_wconf 92' lang='lat' dir='ltr'>nunc</span> <span class='ocrx_word' id='word_1_167' title='bbox 1644 1600 1682 1668; x_wconf 91' lang='lat' dir='ltr'>in</span> <span class='ocrx_word' id='word_1_168' title='bbox 1706 1598 1826 1686; x_wconf 91' lang='lat' dir='ltr'>ltalia,</span> <span class='ocrx_word' id='word_1_169' title='bbox 1851 1603 1916 1672; x_wconf 92' lang='lat' dir='ltr'>ubi</span> <span class='ocrx_word' id='word_1_170' title='bbox 1942 1604 2057 1674; x_wconf 83' lang='lat' dir='ltr'>fontes</span> <span class='ocrx_word' id='word_1_171' title='bbox 2080 1606 2153 1676; x_wconf 87' lang='lat' dir='ltr'>sint</span> <span class='ocrx_word' id='word_1_172' title='bbox 2171 1609 2239 1677; x_wconf 89' lang='lat' dir='ltr'>do-</span> 
     </span>
    </p>
   </div>
   <div class='ocr_carea' id='block_1_3' title="bbox 203 1697 1196 1995">
    <p class='ocr_par' dir='ltr' id='par_1_3' title="bbox 203 1697 1196 1995">
     <span class='ocr_line' id='line_1_14' title="bbox 203 1697 1196 1793; baseline -0.004 -22"><span class='ocrx_word' id='word_1_173' title='bbox 203 1704 309 1771; x_wconf 91' lang='lat' dir='ltr'>estin</span> <span class='ocrx_word' id='word_1_174' title='bbox 325 1704 487 1772; x_wconf 88' lang='lat' dir='ltr'>universa</span> <span class='ocrx_word' id='word_1_175' title='bbox 504 1697 729 1793; x_wconf 90' lang='lat' dir='ltr'>philosophia</span> <span class='ocrx_word' id='word_1_176' title='bbox 747 1716 782 1771; x_wconf 91' lang='lat' dir='ltr'>et</span> <span class='ocrx_word' id='word_1_177' title='bbox 799 1715 910 1772; x_wconf 90' lang='lat' dir='ltr'>artem</span> <span class='ocrx_word' id='word_1_178' title='bbox 924 1701 1097 1770; x_wconf 87' lang='lat' dir='ltr'>medicam</span> <span class='ocrx_word' id='word_1_179' title='bbox 1112 1723 1196 1791; x_wconf 90' lang='lat' dir='ltr'>pro-</span> 
     </span>
     <span class='ocr_line' id='line_1_15' title="bbox 203 1796 989 1894; baseline -0.006 -19"><span class='ocrx_word' id='word_1_180' title='bbox 203 1803 349 1876; x_wconf 76' lang='lat' dir='ltr'>ficetur.</span> <span class='ocrx_word' id='word_1_181' title='bbox 386 1801 484 1872; x_wconf 88' lang='lat' dir='ltr'>Bene</span> <span class='ocrx_word' id='word_1_182' title='bbox 503 1805 592 1878; x_wconf 88' lang='lat' dir='ltr'>vale.</span> <span class='ocrx_word' id='word_1_183' title='bbox 618 1806 676 1873; x_wconf 90' lang='lat' dir='ltr'>die</span> <span class='ocrx_word' id='word_1_184' title='bbox 698 1803 756 1874; x_wconf 73' lang='lat'>12.</span> <span class='ocrx_word' id='word_1_185' title='bbox 774 1799 939 1893; x_wconf 80' lang='lat' dir='ltr'>Augusti.</span> <span class='ocrx_word' id='word_1_186' title='bbox 950 1796 989 1894; x_wconf 76' lang='lat'>*)</span> 
     </span>
     <span class='ocr_line' id='line_1_16' title="bbox 710 1898 1146 1995; baseline 0.009 -22"><span class='ocrx_word' id='word_1_187' title='bbox 710 1899 898 1995; x_wconf 85' lang='lat' dir='ltr'>Philippus</span> <span class='ocrx_word' id='word_1_188' title='bbox 921 1898 1146 1977; x_wconf 85' lang='lat' dir='ltr'>Melanthon.</span> 
     </span>
    </p>
   </div>
   <div class='ocr_carea' id='block_1_4' title="bbox 204 2250 401 2324">
    <p class='ocr_par' dir='ltr' id='par_1_4' title="bbox 204 2250 401 2324">
     <span class='ocr_line' id='line_1_17' title="bbox 204 2250 401 2324; baseline -0.025 0"><span class='ocrx_word' id='word_1_189' title='bbox 204 2250 273 2324; x_wconf 82' lang='lat' dir='ltr'>No.</span> <span class='ocrx_word' id='word_1_190' title='bbox 289 2250 401 2323; x_wconf 86' lang='grc'><strong>8018.</strong></span> 
     </span>
    </p>
   </div>
   <div class='ocr_carea' id='block_1_5' title="bbox 209 2349 420 2381">
    <p class='ocr_par' dir='ltr' id='par_1_5' title="bbox 209 2349 420 2381">
     <span class='ocr_line' id='line_1_18' title="bbox 209 2349 420 2381; baseline -0.009 -3"><span class='ocrx_word' id='word_1_191' title='bbox 209 2349 420 2381; x_wconf 54' lang='lat' dir='ltr'>m</span> 
     </span>
    </p>
   </div>
   <div class='ocr_carea' id='block_1_6' title="bbox 1042 2256 1198 2379">
    <p class='ocr_par' dir='ltr' id='par_1_6' title="bbox 1042 2256 1198 2379">
     <span class='ocr_line' id='line_1_19' title="bbox 1042 2256 1198 2379; baseline 0 -60"><span class='ocrx_word' id='word_1_192' title='bbox 1042 2256 1198 2379; x_wconf 59' lang='lat' dir='ltr'>Q.</span> 
     </span>
    </p>
   </div>
   <div class='ocr_carea' id='block_1_7' title="bbox 481 2434 847 2546">
    <p class='ocr_par' dir='ltr' id='par_1_7' title="bbox 481 2434 847 2546">
     <span class='ocr_line' id='line_1_20' title="bbox 481 2434 847 2546; baseline 0.005 -29"><span class='ocrx_word' id='word_1_193' title='bbox 481 2482 487 2485; x_wconf 94' lang='lat'>·</span> <span class='ocrx_word' id='word_1_194' title='bbox 563 2434 648 2546; x_wconf 86' lang='lat' dir='ltr'>Ap.</span> <span class='ocrx_word' id='word_1_195' title='bbox 677 2435 847 2520; x_wconf 85' lang='lat' dir='ltr'>Musae.</span> 
     </span>
    </p>
   </div>
   <div class='ocr_carea' id='block_1_8' title="bbox 277 2590 1203 2802">
    <p class='ocr_par' dir='ltr' id='par_1_8' title="bbox 277 2590 1203 2802">
     <span class='ocr_line' id='line_1_21' title="bbox 277 2590 1200 2664; baseline 0.002 -20"><span class='ocrx_word' id='word_1_196' title='bbox 277 2593 300 2662; x_wconf 86' lang='lat'>†</span> <span class='ocrx_word' id='word_1_197' title='bbox 318 2590 355 2645; x_wconf 81' lang='lat' dir='ltr'>Es</span> <span class='ocrx_word' id='word_1_198' title='bbox 372 2591 535 2663; x_wconf 70' lang='lat' dir='ltr'>apographis</span> <span class='ocrx_word' id='word_1_199' title='bbox 548 2591 575 2645; x_wconf 85' lang='lat' dir='ltr'>in</span> <span class='ocrx_word' id='word_1_200' title='bbox 590 2592 652 2647; x_wconf 87' lang='lat' dir='ltr'>cod.</span> <span class='ocrx_word' id='word_1_201' title='bbox 664 2591 775 2648; x_wconf 80' lang='lat' dir='ltr'>Monac.</span> <span class='ocrx_word' id='word_1_202' title='bbox 790 2592 834 2648; x_wconf 93' lang='grc'>88.</span> <span class='ocrx_word' id='word_1_203' title='bbox 850 2609 899 2650; x_wconf 87' lang='lat' dir='ltr'>no.</span> <span class='ocrx_word' id='word_1_204' title='bbox 913 2590 960 2648; x_wconf 85' lang='lat' dir='ltr'>lV.</span> <span class='ocrx_word' id='word_1_205' title='bbox 973 2611 1001 2664; x_wconf 83' lang='lat' dir='ltr'>p.</span> <span class='ocrx_word' id='word_1_206' title='bbox 1018 2593 1077 2648; x_wconf 92' lang='grc'><strong>108.</strong></span> <span class='ocrx_word' id='word_1_207' title='bbox 1098 2602 1125 2647; x_wconf 86' lang='lat' dir='ltr'>et</span> <span class='ocrx_word' id='word_1_208' title='bbox 1137 2594 1200 2658; x_wconf 85' lang='lat' dir='ltr'>cpd.</span> 
     </span>
     <span class='ocr_line' id='line_1_22' title="bbox 308 2661 1202 2733; baseline 0.001 -19"><span class='ocrx_word' id='word_1_209' title='bbox 308 2661 421 2714; x_wconf 89' lang='lat' dir='ltr'>Monac.</span> <span class='ocrx_word' id='word_1_210' title='bbox 436 2663 479 2716; x_wconf 87' lang='lat'>90.</span> <span class='ocrx_word' id='word_1_211' title='bbox 493 2680 539 2716; x_wconf 89' lang='lat' dir='ltr'>no.</span> <span class='ocrx_word' id='word_1_212' title='bbox 554 2661 613 2714; x_wconf 88' lang='lat' dir='ltr'>Vll.</span> <span class='ocrx_word' id='word_1_213' title='bbox 627 2681 653 2733; x_wconf 89' lang='lat' dir='ltr'>p.</span> <span class='ocrx_word' id='word_1_214' title='bbox 666 2661 727 2720; x_wconf 76' lang='lat'>377,</span> <span class='ocrx_word' id='word_1_215' title='bbox 748 2688 779 2703; x_wconf 86' lang='lat'><em>—</em></span> <span class='ocrx_word' id='word_1_216' title='bbox 815 2661 902 2715; x_wconf 78' lang='lat' dir='ltr'>Etiam</span> <span class='ocrx_word' id='word_1_217' title='bbox 915 2661 1033 2716; x_wconf 83' lang='lat' dir='ltr'>Lunsins</span> <span class='ocrx_word' id='word_1_218' title='bbox 1052 2663 1121 2717; x_wconf 83' lang='lat' dir='ltr'>hene</span> <span class='ocrx_word' id='word_1_219' title='bbox 1141 2662 1202 2733; x_wconf 87' lang='lat' dir='ltr'>epi·</span> 
     </span>
     <span class='ocr_line' id='line_1_23' title="bbox 313 2728 1203 2802; baseline 0.003 -19"><span class='ocrx_word' id='word_1_220' title='bbox 313 2728 427 2801; x_wconf 79' lang='lat' dir='ltr'>stolam,</span> <span class='ocrx_word' id='word_1_221' title='bbox 445 2731 491 2784; x_wconf 88' lang='lat' dir='ltr'>sed</span> <span class='ocrx_word' id='word_1_222' title='bbox 511 2730 669 2802; x_wconf 76' lang='lat' dir='ltr'>inscriptam</span> <span class='ocrx_word' id='word_1_223' title='bbox 690 2731 795 2783; x_wconf 84' lang='lat' dir='ltr'>Ioanni</span> <span class='ocrx_word' id='word_1_224' title='bbox 808 2731 957 2796; x_wconf 77' lang='lat' dir='ltr'>Baptistae</span> <span class='ocrx_word' id='word_1_225' title='bbox 970 2730 1095 2798; x_wconf 59' lang='lat' dir='ltr'>&amp;natio</span> <span class='ocrx_word' id='word_1_226' title='bbox 1108 2729 1203 2786; x_wconf 79' lang='lat' dir='ltr'>hahuit</span> 
     </span>
    </p>
   </div>
   <div class='ocr_carea' id='block_1_9' title="bbox 311 2797 1202 2922">
    <p class='ocr_par' dir='ltr' id='par_1_9' title="bbox 311 2797 1202 2922">
     <span class='ocr_line' id='line_1_24' title="bbox 311 2797 1202 2921; baseline 0.002 -70"><span class='ocrx_word' id='word_1_227' title='bbox 311 2797 516 2921; x_wconf 65' lang='lat' dir='ltr'>iplappgrapho</span> <span class='ocrx_word' id='word_1_228' title='bbox 538 2799 643 2856; x_wconf 82' lang='lat' dir='ltr'>adiecto</span> <span class='ocrx_word' id='word_1_229' title='bbox 669 2801 790 2872; x_wconf 80' lang='lat' dir='ltr'>exemplo</span> <span class='ocrx_word' id='word_1_230' title='bbox 811 2799 991 2871; x_wconf 81' lang='lat' dir='ltr'>Epistularum</span> <span class='ocrx_word' id='word_1_231' title='bbox 1014 2799 1202 2855; x_wconf 82' lang='lat' dir='ltr'>Melanthonis</span> 
     </span>
     <span class='ocr_line' id='line_1_25' title="bbox 353 2886 384 2922; baseline 0 0"><span class='ocrx_word' id='word_1_232' title='bbox 353 2886 384 2922; x_wconf 86' lang='lat' dir='ltr'>ee</span> 
     </span>
    </p>
   </div>
   <div class='ocr_carea' id='block_1_10' title="bbox 213 2991 1204 3311">
    <p class='ocr_par' dir='ltr' id='par_1_10' title="bbox 213 2991 1204 3311">
     <span class='ocr_line' id='line_1_26' title="bbox 213 2991 1203 3107; baseline 0.003 -31"><span class='ocrx_word' id='word_1_233' title='bbox 213 2991 437 3079; x_wconf 72' lang='lat' dir='ltr'>Clarissimo</span> <span class='ocrx_word' id='word_1_234' title='bbox 455 3008 550 3096; x_wconf 83' lang='lat' dir='ltr'>viro,</span> <span class='ocrx_word' id='word_1_235' title='bbox 575 3003 777 3080; x_wconf 81' lang='lat' dir='ltr'>eruditione</span> <span class='ocrx_word' id='word_1_236' title='bbox 792 3018 823 3080; x_wconf 87' lang='lat' dir='ltr'>et</span> <span class='ocrx_word' id='word_1_237' title='bbox 841 3007 970 3079; x_wconf 82' lang='lat' dir='ltr'>virtute</span> <span class='ocrx_word' id='word_1_238' title='bbox 982 3008 1203 3107; x_wconf 78' lang='lat' dir='ltr'>praestanti,</span> 
     </span>
     <span class='ocr_line' id='line_1_27' title="bbox 213 3102 1204 3209; baseline 0.004 -30"><span class='ocrx_word' id='word_1_239' title='bbox 213 3102 383 3179; x_wconf 85' lang='lat' dir='ltr'>Domino</span> <span class='ocrx_word' id='word_1_240' title='bbox 400 3107 683 3209; x_wconf 78' lang='lat' dir='ltr'>Appollonio</span> <span class='ocrx_word' id='word_1_241' title='bbox 704 3107 890 3193; x_wconf 86' lang='lat' dir='ltr'>Musae,</span> <span class='ocrx_word' id='word_1_242' title='bbox 916 3108 1093 3183; x_wconf 86' lang='lat' dir='ltr'>Doctoris</span> <span class='ocrx_word' id='word_1_243' title='bbox 1109 3110 1204 3183; x_wconf 84' lang='lat' dir='ltr'>artis</span> 
     </span>
     <span class='ocr_line' id='line_1_28' title="bbox 226 3203 1193 3311; baseline 0.006 -31"><span class='ocrx_word' id='word_1_244' title='bbox 226 3203 418 3288; x_wconf 75' lang='lat' dir='ltr'>Medicas,</span> <span class='ocrx_word' id='word_1_245' title='bbox 443 3208 699 3311; x_wconf 76' lang='lat' dir='ltr'>philosophiae</span> <span class='ocrx_word' id='word_1_246' title='bbox 717 3236 792 3284; x_wconf 87' lang='lat' dir='ltr'>vere</span> <span class='ocrx_word' id='word_1_247' title='bbox 807 3211 958 3302; x_wconf 81' lang='lat' dir='ltr'>cultori,</span> <span class='ocrx_word' id='word_1_248' title='bbox 981 3214 1100 3285; x_wconf 83' lang='lat' dir='ltr'>amieo</span> <span class='ocrx_word' id='word_1_249' title='bbox 1114 3239 1193 3286; x_wconf 86' lang='lat' dir='ltr'>suo.</span> 
     </span>
    </p>
   </div>
   <div class='ocr_carea' id='block_1_11' title="bbox 217 3326 1250 4357">
    <p class='ocr_par' dir='ltr' id='par_1_11' title="bbox 217 3326 1250 4357">
     <span class='ocr_line' id='line_1_29' title="bbox 217 3326 1204 3441; baseline 0.005 -24"><span class='ocrx_word' id='word_1_250' title='bbox 217 3326 387 3417; x_wconf 79' lang='lat' dir='ltr'>Gratiam</span> <span class='ocrx_word' id='word_1_251' title='bbox 411 3340 524 3441; x_wconf 83' lang='lat' dir='ltr'>tibi¹)</span> <span class='ocrx_word' id='word_1_252' title='bbox 544 3354 656 3422; x_wconf 88' lang='lat' dir='ltr'>debeo</span> <span class='ocrx_word' id='word_1_253' title='bbox 682 3364 717 3421; x_wconf 88' lang='lat' dir='ltr'>et</span> <span class='ocrx_word' id='word_1_254' title='bbox 749 3346 883 3437; x_wconf 88' lang='lat' dir='ltr'>habeo,</span> <span class='ocrx_word' id='word_1_255' title='bbox 915 3353 972 3422; x_wconf 93' lang='lat' dir='ltr'>vir</span> <span class='ocrx_word' id='word_1_256' title='bbox 1000 3353 1204 3438; x_wconf 82' lang='lat' dir='ltr'>clarissime,</span> 
     </span>
     <span class='ocr_line' id='line_1_30' title="bbox 218 3443 1207 3544; baseline 0.005 -25"><span class='ocrx_word' id='word_1_257' title='bbox 218 3443 363 3544; x_wconf 82' lang='lat' dir='ltr'>quod²)</span> <span class='ocrx_word' id='word_1_258' title='bbox 379 3460 416 3515; x_wconf 82' lang='lat' dir='ltr'>et</span> <span class='ocrx_word' id='word_1_259' title='bbox 429 3457 631 3523; x_wconf 77' lang='lat' dir='ltr'>memorum</span> <span class='ocrx_word' id='word_1_260' title='bbox 651 3467 793 3524; x_wconf 88' lang='lat' dir='ltr'>nostrae</span> <span class='ocrx_word' id='word_1_261' title='bbox 806 3454 982 3524; x_wconf 86' lang='lat' dir='ltr'>amicitiae</span> <span class='ocrx_word' id='word_1_262' title='bbox 998 3456 1147 3539; x_wconf 90' lang='lat' dir='ltr'>retines,</span> <span class='ocrx_word' id='word_1_263' title='bbox 1172 3468 1207 3524; x_wconf 87' lang='lat' dir='ltr'>et</span> 
     </span>
     <span class='ocr_line' id='line_1_31' title="bbox 217 3548 1206 3636; baseline 0 -12"><span class='ocrx_word' id='word_1_264' title='bbox 217 3548 503 3625; x_wconf 84' lang='lat' dir='ltr'>benevolentiam</span> <span class='ocrx_word' id='word_1_265' title='bbox 528 3571 608 3636; x_wconf 82' lang='lat' dir='ltr'>erga</span> <span class='ocrx_word' id='word_1_266' title='bbox 627 3580 685 3625; x_wconf 88' lang='lat' dir='ltr'>me</span> <span class='ocrx_word' id='word_1_267' title='bbox 710 3569 807 3626; x_wconf 89' lang='lat' dir='ltr'>tuam</span> <span class='ocrx_word' id='word_1_268' title='bbox 830 3556 943 3625; x_wconf 88' lang='lat' dir='ltr'>literis</span> <span class='ocrx_word' id='word_1_269' title='bbox 966 3557 1206 3629; x_wconf 90' lang='lat' dir='ltr'>amantissime</span> 
     </span>
     <span class='ocr_line' id='line_1_32' title="bbox 219 3650 1208 3754; baseline -0.01 -30"><span class='ocrx_word' id='word_1_270' title='bbox 219 3651 358 3744; x_wconf 68' lang='lat' dir='ltr'>scriptis</span> <span class='ocrx_word' id='word_1_271' title='bbox 378 3650 481 3720; x_wconf 78' lang='lat' dir='ltr'>tolles</span> <span class='ocrx_word' id='word_1_272' title='bbox 504 3650 702 3739; x_wconf 70' lang='lat' dir='ltr'>declarant,</span> <span class='ocrx_word' id='word_1_273' title='bbox 733 3657 864 3751; x_wconf 77' lang='lat' dir='ltr'>quihus</span> <span class='ocrx_word' id='word_1_274' title='bbox 886 3659 983 3751; x_wconf 81' lang='lat' dir='ltr'>quod</span> <span class='ocrx_word' id='word_1_275' title='bbox 1007 3654 1127 3754; x_wconf 77' lang='lat' dir='ltr'>n0n³)</span> <span class='ocrx_word' id='word_1_276' title='bbox 1149 3681 1208 3727; x_wconf 71' lang='lat' dir='ltr'>m.</span> 
     </span>
     <span class='ocr_line' id='line_1_33' title="bbox 219 3745 1208 3857; baseline -0.007 -34"><span class='ocrx_word' id='word_1_277' title='bbox 219 3753 368 3846; x_wconf 87' lang='lat' dir='ltr'>spondi,</span> <span class='ocrx_word' id='word_1_278' title='bbox 392 3753 506 3821; x_wconf 85' lang='lat' dir='ltr'>satcor</span> <span class='ocrx_word' id='word_1_279' title='bbox 527 3775 584 3820; x_wconf 90' lang='lat' dir='ltr'>me</span> <span class='ocrx_word' id='word_1_280' title='bbox 601 3745 778 3827; x_wconf 70' lang='lat' dir='ltr'>hominem</span> <span class='ocrx_word' id='word_1_281' title='bbox 799 3759 838 3827; x_wconf 84' lang='lat' dir='ltr'>in</span> <span class='ocrx_word' id='word_1_282' title='bbox 859 3755 925 3829; x_wconf 71' lang='lat' dir='ltr'>hac</span> <span class='ocrx_word' id='word_1_283' title='bbox 940 3759 1110 3857; x_wconf 74' lang='lat' dir='ltr'>narum⁴)</span> <span class='ocrx_word' id='word_1_284' title='bbox 1126 3762 1208 3830; x_wconf 70' lang='lat' dir='ltr'>bar.</span> 
     </span>
     <span class='ocr_line' id='line_1_34' title="bbox 219 3848 1250 3956; baseline -0.009 -29"><span class='ocrx_word' id='word_1_285' title='bbox 219 3856 321 3928; x_wconf 87' lang='lat' dir='ltr'>barie</span> <span class='ocrx_word' id='word_1_286' title='bbox 338 3853 455 3923; x_wconf 91' lang='lat' dir='ltr'>minus</span> <span class='ocrx_word' id='word_1_287' title='bbox 470 3854 577 3922; x_wconf 84' lang='lat' dir='ltr'>tuisse</span> <span class='ocrx_word' id='word_1_288' title='bbox 593 3848 841 3956; x_wconf 74' lang='lat' dir='ltr'>officiosum⁸)‚</span> <span class='ocrx_word' id='word_1_289' title='bbox 868 3860 937 3932; x_wconf 76' lang='lat' dir='ltr'>sed</span> <span class='ocrx_word' id='word_1_290' title='bbox 953 3886 1017 3953; x_wconf 73' lang='lat' dir='ltr'>pro</span> <span class='ocrx_word' id='word_1_291' title='bbox 1034 3876 1092 3932; x_wconf 61' lang='lat' dir='ltr'>rua</span> <span class='ocrx_word' id='word_1_292' title='bbox 1111 3886 1208 3931; x_wconf 69' lang='lat' dir='ltr'>sum.</span> <span class='ocrx_word' id='word_1_293' title='bbox 1247 3855 1250 3860; x_wconf 85' lang='lat'>&#39;</span> 
     </span>
     <span class='ocr_line' id='line_1_35' title="bbox 219 3951 1210 4054; baseline -0.005 -26"><span class='ocrx_word' id='word_1_294' title='bbox 219 3981 280 4028; x_wconf 81' lang='lat' dir='ltr'>ma</span> <span class='ocrx_word' id='word_1_295' title='bbox 301 3951 521 4026; x_wconf 75' lang='lat' dir='ltr'>humanitate</span> <span class='ocrx_word' id='word_1_296' title='bbox 534 3955 674 4024; x_wconf 78' lang='lat' dir='ltr'>veniam</span> <span class='ocrx_word' id='word_1_297' title='bbox 690 3953 791 4023; x_wconf 73' lang='lat' dir='ltr'>dabis</span> <span class='ocrx_word' id='word_1_298' title='bbox 812 3962 1096 4054; x_wconf 76' lang='lat' dir='ltr'>occupationibus</span> <span class='ocrx_word' id='word_1_299' title='bbox 1112 3965 1210 4048; x_wconf 74' lang='lat' dir='ltr'>meis,</span> 
     </span>
     <span class='ocr_line' id='line_1_36' title="bbox 220 4049 1210 4153; baseline -0.004 -25"><span class='ocrx_word' id='word_1_300' title='bbox 220 4083 313 4153; x_wconf 89' lang='lat' dir='ltr'>quae</span> <span class='ocrx_word' id='word_1_301' title='bbox 334 4081 436 4147; x_wconf 86' lang='lat' dir='ltr'>saepe</span> <span class='ocrx_word' id='word_1_302' title='bbox 455 4050 549 4124; x_wconf 80' lang='lat' dir='ltr'>mihi</span> <span class='ocrx_word' id='word_1_303' title='bbox 575 4080 648 4123; x_wconf 94' lang='lat' dir='ltr'>non</span> <span class='ocrx_word' id='word_1_304' title='bbox 673 4056 788 4124; x_wconf 92' lang='lat' dir='ltr'>solum</span> <span class='ocrx_word' id='word_1_305' title='bbox 816 4049 901 4124; x_wconf 72' lang='lat' dir='ltr'>hace</span> <span class='ocrx_word' id='word_1_306' title='bbox 921 4065 1055 4150; x_wconf 58' lang='lat' dir='ltr'>officia,</span> <span class='ocrx_word' id='word_1_307' title='bbox 1088 4067 1210 4136; x_wconf 69' lang='lat' dir='ltr'>amicis</span> 
     </span>
     <span class='ocr_line' id='line_1_37' title="bbox 223 4152 1212 4252; baseline 0.004 -20"><span class='ocrx_word' id='word_1_308' title='bbox 223 4159 432 4242; x_wconf 88' lang='lat' dir='ltr'>tribuenda,</span> <span class='ocrx_word' id='word_1_309' title='bbox 457 4160 518 4226; x_wconf 80' lang='lat' dir='ltr'>secl</span> <span class='ocrx_word' id='word_1_310' title='bbox 542 4158 648 4226; x_wconf 87' lang='lat' dir='ltr'>etiarn</span> <span class='ocrx_word' id='word_1_311' title='bbox 667 4157 782 4227; x_wconf 87' lang='lat' dir='ltr'>studia</span> <span class='ocrx_word' id='word_1_312' title='bbox 801 4152 1044 4252; x_wconf 82' lang='lat' dir='ltr'>philosophiae</span> <span class='ocrx_word' id='word_1_313' title='bbox 1059 4179 1212 4252; x_wconf 88' lang='lat' dir='ltr'>nostrae,</span> 
     </span>
     <span class='ocr_line' id='line_1_38' title="bbox 224 4255 1210 4357; baseline -0.007 -26"><span class='ocrx_word' id='word_1_314' title='bbox 224 4255 379 4357; x_wconf 82' lang='lat' dir='ltr'>quam⁸)</span> <span class='ocrx_word' id='word_1_315' title='bbox 393 4261 460 4329; x_wconf 88' lang='lat' dir='ltr'>scis</span> <span class='ocrx_word' id='word_1_316' title='bbox 476 4285 496 4328; x_wconf 88' lang='lat' dir='ltr'>a</span> <span class='ocrx_word' id='word_1_317' title='bbox 510 4283 566 4329; x_wconf 89' lang='lat' dir='ltr'>me</span> <span class='ocrx_word' id='word_1_318' title='bbox 584 4258 733 4335; x_wconf 85' lang='lat' dir='ltr'>mirifice</span> <span class='ocrx_word' id='word_1_319' title='bbox 751 4258 882 4338; x_wconf 88' lang='lat' dir='ltr'>amari,</span> <span class='ocrx_word' id='word_1_320' title='bbox 908 4260 953 4328; x_wconf 87' lang='lat' dir='ltr'>de</span> <span class='ocrx_word' id='word_1_321' title='bbox 973 4269 1135 4340; x_wconf 87' lang='lat' dir='ltr'>manibus</span> <span class='ocrx_word' id='word_1_322' title='bbox 1151 4295 1210 4339; x_wconf 81' lang='lat' dir='ltr'>ex.</span> 
     </span>
    </p>
   </div>
   <div class='ocr_carea' id='block_1_12' title="bbox 234 4465 438 4483">
    <p class='ocr_par' dir='ltr' id='par_1_12' title="bbox 234 4465 438 4483">
     <span class='ocr_line' id='line_1_39' title="bbox 234 4465 438 4483; baseline -0.005 -1"><span class='ocrx_word' id='word_1_323' title='bbox 234 4465 438 4483; x_wconf 59' lang='grc' dir='ltr'><strong><em>Μ</em></strong></span> 
     </span>
    </p>
   </div>
   <div class='ocr_carea' id='block_1_13' title="bbox 262 4575 1216 4806">
    <p class='ocr_par' dir='ltr' id='par_1_13' title="bbox 262 4575 1216 4806">
     <span class='ocr_line' id='line_1_40' title="bbox 262 4575 1216 4666; baseline -0.007 -30"><span class='ocrx_word' id='word_1_324' title='bbox 262 4584 291 4648; x_wconf 72' lang='lat' dir='ltr'>t)</span> <span class='ocrx_word' id='word_1_325' title='bbox 303 4582 378 4666; x_wconf 61' lang='lat' dir='ltr'>pou.</span> <span class='ocrx_word' id='word_1_326' title='bbox 390 4579 473 4665; x_wconf 71' lang='lat' dir='ltr'>Geth.</span> <span class='ocrx_word' id='word_1_327' title='bbox 497 4580 712 4649; x_wconf 75' lang='lat' dir='ltr'>insts&#39;js&#39;eattone3</span> <span class='ocrx_word' id='word_1_328' title='bbox 730 4575 820 4650; x_wconf 76' lang='lat' dir='ltr'>Gryu.</span> <span class='ocrx_word' id='word_1_329' title='bbox 839 4576 938 4644; x_wconf 75' lang='lat' dir='ltr'>potieris</span> <span class='ocrx_word' id='word_1_330' title='bbox 957 4575 1169 4647; x_wconf 82' lang='lat' dir='ltr'>episcoporum,</span> <span class='ocrx_word' id='word_1_331' title='bbox 1182 4587 1216 4638; x_wconf 70' lang='lat' dir='ltr'>de</span> 
     </span>
     <span class='ocr_line' id='line_1_41' title="bbox 297 4661 983 4718; baseline -0.012 -13"><span class='ocrx_word' id='word_1_332' title='bbox 297 4661 474 4718; x_wconf 73' lang='lat' dir='ltr'>suspectione.</span> <span class='ocrx_word' id='word_1_333' title='bbox 981 4693 983 4697; x_wconf 73' lang='grc'>,</span> 
     </span>
     <span class='ocr_line' id='line_1_42' title="bbox 263 4734 650 4806; baseline -0.01 -14"><span class='ocrx_word' id='word_1_334' title='bbox 263 4738 291 4806; x_wconf 82' lang='grc'>5)</span> <span class='ocrx_word' id='word_1_335' title='bbox 307 4737 446 4792; x_wconf 81' lang='lat' dir='ltr'>Andresm</span> <span class='ocrx_word' id='word_1_336' title='bbox 462 4734 650 4789; x_wconf 79' lang='lat' dir='ltr'>Aurilahrurn.</span> 
     </span>
    </p>
   </div>
   <div class='ocr_carea' id='block_1_14' title="bbox 263 4817 1224 4964">
    <p class='ocr_par' dir='ltr' id='par_1_14' title="bbox 263 4817 1224 4964">
     <span class='ocr_line' id='line_1_43' title="bbox 263 4817 1224 4948; baseline -0.002 -71"><span class='ocrx_word' id='word_1_337' title='bbox 263 4823 404 4948; x_wconf 60' lang='lat' dir='ltr'>*)¹Gppn.</span> <span class='ocrx_word' id='word_1_338' title='bbox 418 4833 444 4877; x_wconf 89' lang='lat' dir='ltr'>et</span> <span class='ocrx_word' id='word_1_339' title='bbox 458 4822 519 4877; x_wconf 89' lang='lat' dir='ltr'>cod.</span> <span class='ocrx_word' id='word_1_340' title='bbox 527 4819 612 4875; x_wconf 86' lang='lat' dir='ltr'>Goth.</span> <span class='ocrx_word' id='word_1_341' title='bbox 625 4820 730 4876; x_wconf 85' lang='lat' dir='ltr'>addunt</span> <span class='ocrx_word' id='word_1_342' title='bbox 743 4839 807 4879; x_wconf 86' lang='lat' dir='ltr'>ann.</span> <span class='ocrx_word' id='word_1_343' title='bbox 823 4820 899 4877; x_wconf 71' lang='grc'>1511,</span> <span class='ocrx_word' id='word_1_344' title='bbox 935 4818 990 4874; x_wconf 86' lang='lat' dir='ltr'>Sed</span> <span class='ocrx_word' id='word_1_345' title='bbox 1006 4817 1035 4872; x_wconf 92' lang='lat' dir='ltr'>in</span> <span class='ocrx_word' id='word_1_346' title='bbox 1046 4828 1154 4889; x_wconf 71' lang='lat' dir='ltr'>autogr.</span> <span class='ocrx_word' id='word_1_347' title='bbox 1166 4837 1224 4875; x_wconf 83' lang='lat' dir='ltr'>non</span> 
     </span>
     <span class='ocr_line' id='line_1_44' title="bbox 297 4911 411 4964; baseline 0.009 -18"><span class='ocrx_word' id='word_1_348' title='bbox 297 4911 355 4964; x_wconf 67' lang='grc' dir='ltr'>,ῳ</span> <span class='ocrx_word' id='word_1_349' title='bbox 368 4911 411 4947; x_wconf 83' lang='lat' dir='ltr'>nr.</span> 
     </span>
    </p>
   </div>
   <div class='ocr_carea' id='block_1_15' title="bbox 266 4976 758 5212">
    <p class='ocr_par' dir='ltr' id='par_1_15' title="bbox 266 4976 758 5212">
     <span class='ocr_line' id='line_1_45' title="bbox 266 4976 514 5043; baseline -0.008 -13"><span class='ocrx_word' id='word_1_350' title='bbox 266 4977 296 5043; x_wconf 89' lang='grc'>1)</span> <span class='ocrx_word' id='word_1_351' title='bbox 314 4976 400 5030; x_wconf 81' lang='lat' dir='ltr'>huns.</span> <span class='ocrx_word' id='word_1_352' title='bbox 417 4976 466 5027; x_wconf 86' lang='lat' dir='ltr'>tr&#39;dt</span> <span class='ocrx_word' id='word_1_353' title='bbox 477 4984 514 5029; x_wconf 85' lang='lat' dir='ltr'>et.</span> 
     </span>
     <span class='ocr_line' id='line_1_46' title="bbox 267 5059 591 5129; baseline -0.006 -14"><span class='ocrx_word' id='word_1_354' title='bbox 267 5062 298 5129; x_wconf 76' lang='lat'>2)</span> <span class='ocrx_word' id='word_1_355' title='bbox 315 5060 411 5129; x_wconf 82' lang='lat' dir='ltr'>qnod]</span> <span class='ocrx_word' id='word_1_356' title='bbox 429 5059 513 5115; x_wconf 79' lang='lat' dir='ltr'>Lucra.</span> <span class='ocrx_word' id='word_1_357' title='bbox 532 5061 591 5128; x_wconf 84' lang='lat' dir='ltr'>qus&#39;.</span> 
     </span>
     <span class='ocr_line' id='line_1_47' title="bbox 266 5144 758 5212; baseline -0.008 -12"><span class='ocrx_word' id='word_1_358' title='bbox 266 5144 296 5210; x_wconf 82' lang='grc'>8)</span> <span class='ocrx_word' id='word_1_359' title='bbox 314 5144 382 5199; x_wconf 86' lang='lat' dir='ltr'>Cod.</span> <span class='ocrx_word' id='word_1_360' title='bbox 399 5144 483 5197; x_wconf 88' lang='lat' dir='ltr'>Goth.</span> <span class='ocrx_word' id='word_1_361' title='bbox 498 5147 540 5198; x_wconf 88' lang='lat'>90.</span> <span class='ocrx_word' id='word_1_362' title='bbox 553 5161 617 5198; x_wconf 85' lang='lat' dir='ltr'>vere</span> <span class='ocrx_word' id='word_1_363' title='bbox 631 5160 758 5212; x_wconf 85' lang='lat' dir='ltr'>pronon.</span> 
     </span>
    </p>
   </div>
   <div class='ocr_carea' id='block_1_16' title="bbox 267 5191 1226 5354">
    <p class='ocr_par' dir='ltr' id='par_1_16' title="bbox 267 5191 1226 5354">
     <span class='ocr_line' id='line_1_48' title="bbox 267 5191 1226 5301; baseline -0.003 -17"><span class='ocrx_word' id='word_1_364' title='bbox 267 5232 434 5301; x_wconf 68' lang='lat' dir='ltr'>erasnm]</span> <span class='ocrx_word' id='word_1_365' title='bbox 453 5228 805 5283; x_wconf 59' lang='lat' dir='ltr'>consonantiarum.</span> <span class='ocrx_word' id='word_1_366' title='bbox 825 5227 911 5281; x_wconf 75' lang='lat' dir='ltr'>tuns.</span> <span class='ocrx_word' id='word_1_367' title='bbox 924 5191 1069 5283; x_wconf 47' lang='lat' dir='ltr'>amnem</span> <span class='ocrx_word' id='word_1_368' title='bbox 1081 5235 1183 5282; x_wconf 79' lang='lat' dir='ltr'>meum</span> <span class='ocrx_word' id='word_1_369' title='bbox 1195 5229 1226 5281; x_wconf 77' lang='lat' dir='ltr'>sn</span> 
     </span>
     <span class='ocr_line' id='line_1_49' title="bbox 302 5301 624 5354; baseline -0.003 0"><span class='ocrx_word' id='word_1_370' title='bbox 302 5303 357 5354; x_wconf 83' lang='lat' dir='ltr'>teas</span> <span class='ocrx_word' id='word_1_371' title='bbox 369 5308 468 5352; x_wconf 83' lang='lat' dir='ltr'>nostra</span> <span class='ocrx_word' id='word_1_372' title='bbox 482 5301 624 5353; x_wconf 75' lang='lat' dir='ltr'>tartaris.</span> 
     </span>
    </p>
   </div>
   <div class='ocr_carea' id='block_1_17' title="bbox 243 5382 551 5536">
    <p class='ocr_par' dir='ltr' id='par_1_17' title="bbox 243 5382 551 5536">
     <span class='ocr_line' id='line_1_50' title="bbox 243 5382 551 5454; baseline -0.013 -15"><span class='ocrx_word' id='word_1_373' title='bbox 243 5382 247 5392; x_wconf 80' lang='grc'>’</span> <span class='ocrx_word' id='word_1_374' title='bbox 268 5387 296 5454; x_wconf 77' lang='grc'>5)</span> <span class='ocrx_word' id='word_1_375' title='bbox 314 5383 405 5436; x_wconf 88' lang='lat' dir='ltr'>Luns.</span> <span class='ocrx_word' id='word_1_376' title='bbox 419 5385 551 5436; x_wconf 74' lang='grc' dir='ltr'><strong>οιίωυω.</strong></span> 
     </span>
     <span class='ocr_line' id='line_1_51' title="bbox 269 5470 510 5536; baseline 0.004 -14"><span class='ocrx_word' id='word_1_377' title='bbox 269 5471 300 5532; x_wconf 84' lang='grc'>6)</span> <span class='ocrx_word' id='word_1_378' title='bbox 320 5470 408 5523; x_wconf 83' lang='lat' dir='ltr'>Luns.</span> <span class='ocrx_word' id='word_1_379' title='bbox 425 5482 510 5536; x_wconf 79' lang='lat' dir='ltr'>quae.</span> 
     </span>
    </p>
   </div>
   <div class='ocr_carea' id='block_1_18' title="bbox 238 5544 694 5617">
    <p class='ocr_par' dir='ltr' id='par_1_18' title="bbox 238 5544 694 5617">
     <span class='ocr_line' id='line_1_52' title="bbox 238 5544 694 5617; baseline -0.018 -2"><span class='ocrx_word' id='word_1_380' title='bbox 238 5549 419 5617; x_wconf 79' lang='lat' dir='ltr'>tttuurs.</span> <span class='ocrx_word' id='word_1_381' title='bbox 434 5547 541 5611; x_wconf 80' lang='lat' dir='ltr'>Orsa.</span> <span class='ocrx_word' id='word_1_382' title='bbox 555 5545 637 5610; x_wconf 80' lang='lat' dir='ltr'>Vos..</span> <span class='ocrx_word' id='word_1_383' title='bbox 651 5544 694 5609; x_wconf 85' lang='lat' dir='ltr'>V.</span> 
     </span>
    </p>
   </div>
   <div class='ocr_carea' id='block_1_19' title="bbox 1248 1700 2241 1897">
    <p class='ocr_par' dir='ltr' id='par_1_19' title="bbox 1248 1700 2241 1897">
     <span class='ocr_line' id='line_1_53' title="bbox 1248 1700 2239 1794; baseline 0.009 -25"><span class='ocrx_word' id='word_1_384' title='bbox 1248 1700 1399 1783; x_wconf 91' lang='lat' dir='ltr'>ctrinae,</span> <span class='ocrx_word' id='word_1_385' title='bbox 1424 1701 1680 1771; x_wconf 89' lang='lat' dir='ltr'>eruditissimos</span> <span class='ocrx_word' id='word_1_386' title='bbox 1695 1714 1729 1773; x_wconf 91' lang='lat' dir='ltr'>et</span> <span class='ocrx_word' id='word_1_387' title='bbox 1743 1702 1973 1794; x_wconf 87' lang='lat' dir='ltr'>peritissimos</span> <span class='ocrx_word' id='word_1_388' title='bbox 1992 1701 2157 1776; x_wconf 90' lang='lat' dir='ltr'>homines</span> <span class='ocrx_word' id='word_1_389' title='bbox 2174 1733 2239 1778; x_wconf 87' lang='lat' dir='ltr'>au·</span> 
     </span>
     <span class='ocr_line' id='line_1_54' title="bbox 1248 1797 2241 1897; baseline 0.011 -27"><span class='ocrx_word' id='word_1_390' title='bbox 1248 1801 1326 1870; x_wconf 91' lang='lat' dir='ltr'>dire</span> <span class='ocrx_word' id='word_1_391' title='bbox 1350 1801 1515 1876; x_wconf 89' lang='lat' dir='ltr'>decrevit.</span> <span class='ocrx_word' id='word_1_392' title='bbox 1574 1797 1609 1872; x_wconf 88' lang='lat' dir='ltr'>A</span> <span class='ocrx_word' id='word_1_393' title='bbox 1638 1816 1836 1875; x_wconf 88' lang='lat' dir='ltr'>meantem</span> <span class='ocrx_word' id='word_1_394' title='bbox 1866 1804 2009 1897; x_wconf 89' lang='lat' dir='ltr'>petivit,</span> <span class='ocrx_word' id='word_1_395' title='bbox 2041 1821 2082 1878; x_wconf 92' lang='lat' dir='ltr'>nt</span> <span class='ocrx_word' id='word_1_396' title='bbox 2102 1810 2241 1881; x_wconf 86' lang='lat' dir='ltr'>aditum</span> 
     </span>
    </p>
   </div>
   <div class='ocr_carea' id='block_1_20' title="bbox 1250 1902 2294 1999">
    <p class='ocr_par' dir='ltr' id='par_1_20' title="bbox 1250 1902 2294 1999">
     <span class='ocr_line' id='line_1_55' title="bbox 1250 1902 2294 1999; baseline 0.011 -27"><span class='ocrx_word' id='word_1_397' title='bbox 1250 1902 1319 1972; x_wconf 88' lang='lat' dir='ltr'>sibi</span> <span class='ocrx_word' id='word_1_398' title='bbox 1343 1903 1389 1971; x_wconf 91' lang='lat' dir='ltr'>ad</span> <span class='ocrx_word' id='word_1_399' title='bbox 1413 1915 1446 1971; x_wconf 90' lang='lat' dir='ltr'>te</span> <span class='ocrx_word' id='word_1_400' title='bbox 1470 1904 1719 1994; x_wconf 82' lang='lat' dir='ltr'>patefacerem,</span> <span class='ocrx_word' id='word_1_401' title='bbox 1751 1907 1847 1999; x_wconf 91' lang='lat' dir='ltr'>quod</span> <span class='ocrx_word' id='word_1_402' title='bbox 1871 1921 2005 1998; x_wconf 88' lang='lat' dir='ltr'>sperat,</span> <span class='ocrx_word' id='word_1_403' title='bbox 2032 1924 2130 1981; x_wconf 91' lang='lat' dir='ltr'>tuam</span> <span class='ocrx_word' id='word_1_404' title='bbox 2153 1936 2240 1981; x_wconf 91' lang='lat' dir='ltr'>con·</span> <span class='ocrx_word' id='word_1_405' title='bbox 2290 1989 2294 1996; x_wconf 58' lang='grc'>,</span> 
     </span>
    </p>
   </div>
   <div class='ocr_carea' id='block_1_21' title="bbox 1251 2005 2245 3111">
    <p class='ocr_par' dir='ltr' id='par_1_21' title="bbox 1251 2005 2245 3111">
     <span class='ocr_line' id='line_1_56' title="bbox 1251 2005 2241 2099; baseline 0.01 -27"><span class='ocrx_word' id='word_1_406' title='bbox 1251 2005 1476 2075; x_wconf 90' lang='lat' dir='ltr'>suetudinem</span> <span class='ocrx_word' id='word_1_407' title='bbox 1491 2005 1561 2076; x_wconf 89' lang='lat' dir='ltr'>sibi</span> <span class='ocrx_word' id='word_1_408' title='bbox 1576 2005 1768 2096; x_wconf 89' lang='lat' dir='ltr'>plurimum</span> <span class='ocrx_word' id='word_1_409' title='bbox 1785 2009 2005 2099; x_wconf 84' lang='lat' dir='ltr'>profuturam</span> <span class='ocrx_word' id='word_1_410' title='bbox 2023 2034 2106 2081; x_wconf 86' lang='lat' dir='ltr'>esse.</span> <span class='ocrx_word' id='word_1_411' title='bbox 2146 2011 2241 2084; x_wconf 89' lang='lat' dir='ltr'>an-</span> 
     </span>
     <span class='ocr_line' id='line_1_57' title="bbox 1251 2106 2241 2208; baseline 0.011 -34"><span class='ocrx_word' id='word_1_412' title='bbox 1251 2106 1326 2175; x_wconf 90' lang='lat' dir='ltr'>lum</span> <span class='ocrx_word' id='word_1_413' title='bbox 1348 2121 1473 2184; x_wconf 81' lang='lat' dir='ltr'>autem.</span> <span class='ocrx_word' id='word_1_414' title='bbox 1489 2106 1645 2177; x_wconf 80' lang='lat' dir='ltr'>osticium</span> <span class='ocrx_word' id='word_1_415' title='bbox 1665 2122 1767 2200; x_wconf 91' lang='lat' dir='ltr'>peto,</span> <span class='ocrx_word' id='word_1_416' title='bbox 1800 2110 1897 2202; x_wconf 82' lang='lat' dir='ltr'>quod</span> <span class='ocrx_word' id='word_1_417' title='bbox 1922 2134 2002 2180; x_wconf 87' lang='lat' dir='ltr'>cum</span> <span class='ocrx_word' id='word_1_418' title='bbox 2033 2125 2094 2183; x_wconf 90' lang='lat' dir='ltr'>tuo</span> <span class='ocrx_word' id='word_1_419' title='bbox 2120 2114 2241 2208; x_wconf 89' lang='lat' dir='ltr'>aliquo</span> 
     </span>
     <span class='ocr_line' id='line_1_58' title="bbox 1252 2207 2242 2307; baseline 0.009 -31"><span class='ocrx_word' id='word_1_420' title='bbox 1252 2207 1478 2279; x_wconf 90' lang='lat' dir='ltr'>incommodo</span> <span class='ocrx_word' id='word_1_421' title='bbox 1503 2209 1734 2280; x_wconf 91' lang='lat' dir='ltr'>coniunctum</span> <span class='ocrx_word' id='word_1_422' title='bbox 1756 2210 1813 2281; x_wconf 86' lang='lat' dir='ltr'>sit.</span> <span class='ocrx_word' id='word_1_423' title='bbox 1866 2208 1937 2281; x_wconf 86' lang='lat' dir='ltr'>Sed</span> <span class='ocrx_word' id='word_1_424' title='bbox 1959 2211 1993 2281; x_wconf 48' lang='lat' dir='ltr'>si&gt;</span> <span class='ocrx_word' id='word_1_425' title='bbox 2014 2217 2157 2307; x_wconf 61' lang='lat' dir='ltr'>wando</span> <span class='ocrx_word' id='word_1_426' title='bbox 2174 2216 2242 2285; x_wconf 89' lang='lat' dir='ltr'>ali-</span> 
     </span>
     <span class='ocr_line' id='line_1_59' title="bbox 1252 2306 2242 2400; baseline 0.011 -23"><span class='ocrx_word' id='word_1_427' title='bbox 1252 2309 1337 2400; x_wconf 91' lang='lat' dir='ltr'>quid</span> <span class='ocrx_word' id='word_1_428' title='bbox 1354 2311 1398 2378; x_wconf 89' lang='lat' dir='ltr'>de</span> <span class='ocrx_word' id='word_1_429' title='bbox 1415 2324 1489 2380; x_wconf 91' lang='lat' dir='ltr'>arte</span> <span class='ocrx_word' id='word_1_430' title='bbox 1505 2310 1739 2381; x_wconf 89' lang='lat' dir='ltr'>sciscitabitur</span> <span class='ocrx_word' id='word_1_431' title='bbox 1754 2306 2005 2399; x_wconf 84' lang='lat' dir='ltr'>hicAndreers,</span> <span class='ocrx_word' id='word_1_432' title='bbox 2030 2317 2146 2387; x_wconf 89' lang='lat' dir='ltr'>studia</span> <span class='ocrx_word' id='word_1_433' title='bbox 2166 2319 2242 2388; x_wconf 89' lang='lat' dir='ltr'>eius</span> 
     </span>
     <span class='ocr_line' id='line_1_60' title="bbox 1251 2410 2244 2503; baseline 0.009 -23"><span class='ocrx_word' id='word_1_434' title='bbox 1251 2410 1415 2498; x_wconf 88' lang='lat' dir='ltr'>adiuves,</span> <span class='ocrx_word' id='word_1_435' title='bbox 1436 2425 1478 2482; x_wconf 91' lang='lat' dir='ltr'>ut</span> <span class='ocrx_word' id='word_1_436' title='bbox 1492 2411 1630 2482; x_wconf 86' lang='lat' dir='ltr'>solebas</span> <span class='ocrx_word' id='word_1_437' title='bbox 1647 2413 1743 2503; x_wconf 88' lang='lat' dir='ltr'>apud</span> <span class='ocrx_word' id='word_1_438' title='bbox 1764 2433 1832 2482; x_wconf 88' lang='lat' dir='ltr'>nos</span> <span class='ocrx_word' id='word_1_439' title='bbox 1845 2436 1984 2486; x_wconf 91' lang='lat' dir='ltr'>summo</span> <span class='ocrx_word' id='word_1_440' title='bbox 2003 2418 2155 2488; x_wconf 88' lang='lat' dir='ltr'>candore</span> <span class='ocrx_word' id='word_1_441' title='bbox 2169 2420 2244 2488; x_wconf 87' lang='lat' dir='ltr'>dis-</span> 
     </span>
     <span class='ocr_line' id='line_1_61' title="bbox 1252 2508 2244 2604; baseline 0.01 -24"><span class='ocrx_word' id='word_1_442' title='bbox 1252 2534 1366 2583; x_wconf 85' lang='lat' dir='ltr'>serere</span> <span class='ocrx_word' id='word_1_443' title='bbox 1382 2514 1569 2584; x_wconf 88' lang='lat' dir='ltr'>denatura</span> <span class='ocrx_word' id='word_1_444' title='bbox 1588 2513 1748 2604; x_wconf 86' lang='lat' dir='ltr'>corporis</span> <span class='ocrx_word' id='word_1_445' title='bbox 1764 2508 1932 2602; x_wconf 87' lang='lat' dir='ltr'>humani,</span> <span class='ocrx_word' id='word_1_446' title='bbox 1952 2530 1988 2589; x_wconf 89' lang='lat' dir='ltr'>et</span> <span class='ocrx_word' id='word_1_447' title='bbox 2008 2519 2120 2589; x_wconf 88' lang='lat' dir='ltr'>multa</span> <span class='ocrx_word' id='word_1_448' title='bbox 2139 2543 2244 2590; x_wconf 90' lang='lat' dir='ltr'>mon-</span> 
     </span>
     <span class='ocr_line' id='line_1_62' title="bbox 1252 2613 2245 2704; baseline 0.01 -22"><span class='ocrx_word' id='word_1_449' title='bbox 1252 2626 1363 2684; x_wconf 87' lang='lat' dir='ltr'>strare</span> <span class='ocrx_word' id='word_1_450' title='bbox 1381 2614 1602 2704; x_wconf 79' lang='lat' dir='ltr'>aliisignota.</span> <span class='ocrx_word' id='word_1_451' title='bbox 1637 2613 1741 2685; x_wconf 87' lang='lat' dir='ltr'>Hanc</span> <span class='ocrx_word' id='word_1_452' title='bbox 1755 2616 1938 2688; x_wconf 82' lang='lat' dir='ltr'>doetrinae</span> <span class='ocrx_word' id='word_1_453' title='bbox 1949 2621 2245 2692; x_wconf 81' lang='lat' dir='ltr'>communicatio-</span> 
     </span>
     <span class='ocr_line' id='line_1_63' title="bbox 1253 2713 2245 2817; baseline 0.008 -33"><span class='ocrx_word' id='word_1_454' title='bbox 1253 2738 1337 2785; x_wconf 89' lang='lat' dir='ltr'>nem</span> <span class='ocrx_word' id='word_1_455' title='bbox 1359 2739 1441 2786; x_wconf 90' lang='lat' dir='ltr'>cum</span> <span class='ocrx_word' id='word_1_456' title='bbox 1464 2731 1499 2787; x_wconf 93' lang='lat' dir='ltr'>et</span> <span class='ocrx_word' id='word_1_457' title='bbox 1521 2717 1671 2786; x_wconf 83' lang='lat' dir='ltr'>maxime</span> <span class='ocrx_word' id='word_1_458' title='bbox 1693 2716 1838 2807; x_wconf 81' lang='lat' dir='ltr'>dignam</span> <span class='ocrx_word' id='word_1_459' title='bbox 1860 2713 2008 2790; x_wconf 88' lang='lat' dir='ltr'>homine</span> <span class='ocrx_word' id='word_1_460' title='bbox 2028 2715 2245 2817; x_wconf 83' lang='lat' dir='ltr'>philosopho</span> 
     </span>
     <span class='ocr_line' id='line_1_64' title="bbox 1255 2812 2245 2915; baseline 0.006 -28"><span class='ocrx_word' id='word_1_461' title='bbox 1255 2829 1289 2887; x_wconf 88' lang='lat' dir='ltr'>et</span> <span class='ocrx_word' id='word_1_462' title='bbox 1304 2816 1575 2888; x_wconf 86' lang='lat' dir='ltr'>convenientem</span> <span class='ocrx_word' id='word_1_463' title='bbox 1591 2832 1673 2890; x_wconf 88' lang='lat' dir='ltr'>tuae</span> <span class='ocrx_word' id='word_1_464' title='bbox 1695 2812 1912 2891; x_wconf 82' lang='lat' dir='ltr'>humanitati</span> <span class='ocrx_word' id='word_1_465' title='bbox 1924 2820 2142 2909; x_wconf 83' lang='lat' dir='ltr'>existimem,</span> <span class='ocrx_word' id='word_1_466' title='bbox 2165 2848 2245 2915; x_wconf 87' lang='lat' dir='ltr'>spe-</span> 
     </span>
     <span class='ocr_line' id='line_1_65' title="bbox 1254 2912 2245 3016; baseline 0.006 -28"><span class='ocrx_word' id='word_1_467' title='bbox 1254 2942 1315 3004; x_wconf 89' lang='lat' dir='ltr'>ro,</span> <span class='ocrx_word' id='word_1_468' title='bbox 1340 2931 1375 2989; x_wconf 88' lang='lat' dir='ltr'>te</span> <span class='ocrx_word' id='word_1_469' title='bbox 1390 2912 1474 2990; x_wconf 91' lang='lat' dir='ltr'>huic</span> <span class='ocrx_word' id='word_1_470' title='bbox 1490 2920 1568 2989; x_wconf 90' lang='lat' dir='ltr'>viro</span> <span class='ocrx_word' id='word_1_471' title='bbox 1581 2921 1685 2990; x_wconf 89' lang='lat' dir='ltr'>docto</span> <span class='ocrx_word' id='word_1_472' title='bbox 1694 2915 1741 3016; x_wconf 88' lang='lat'>¹⁰)</span> <span class='ocrx_word' id='word_1_473' title='bbox 1754 2935 1790 2993; x_wconf 88' lang='lat' dir='ltr'>et</span> <span class='ocrx_word' id='word_1_474' title='bbox 1804 2916 1953 2993; x_wconf 89' lang='lat' dir='ltr'>honesto</span> <span class='ocrx_word' id='word_1_475' title='bbox 1967 2925 2245 3016; x_wconf 83' lang='lat' dir='ltr'>nondenegatu-</span> 
     </span>
     <span class='ocr_line' id='line_1_66' title="bbox 1256 3020 2245 3111; baseline 0.005 -21"><span class='ocrx_word' id='word_1_476' title='bbox 1256 3045 1336 3090; x_wconf 90' lang='lat' dir='ltr'>rum</span> <span class='ocrx_word' id='word_1_477' title='bbox 1360 3043 1445 3095; x_wconf 88' lang='lat' dir='ltr'>esse.</span> <span class='ocrx_word' id='word_1_478' title='bbox 1504 3020 1576 3094; x_wconf 90' lang='lat' dir='ltr'>Ubi</span> <span class='ocrx_word' id='word_1_479' title='bbox 1598 3023 1782 3111; x_wconf 77' lang='lat' dir='ltr'>ingenium</span> <span class='ocrx_word' id='word_1_480' title='bbox 1804 3023 1900 3109; x_wconf 89' lang='lat' dir='ltr'>eius,</span> <span class='ocrx_word' id='word_1_481' title='bbox 1932 3026 2049 3095; x_wconf 88' lang='lat' dir='ltr'>studia</span> <span class='ocrx_word' id='word_1_482' title='bbox 2074 3039 2108 3095; x_wconf 91' lang='lat' dir='ltr'>et</span> <span class='ocrx_word' id='word_1_483' title='bbox 2129 3050 2245 3097; x_wconf 90' lang='lat' dir='ltr'>mores</span> 
     </span>
    </p>
   </div>
   <div class='ocr_carea' id='block_1_22' title="bbox 1257 3122 2317 3211">
    <p class='ocr_par' dir='ltr' id='par_1_22' title="bbox 1257 3122 2317 3211">
     <span class='ocr_line' id='line_1_67' title="bbox 1257 3122 2317 3211; baseline 0.006 -20"><span class='ocrx_word' id='word_1_484' title='bbox 1257 3122 1479 3211; x_wconf 85' lang='lat' dir='ltr'>cognoveris,</span> <span class='ocrx_word' id='word_1_485' title='bbox 1513 3123 1579 3192; x_wconf 90' lang='lat' dir='ltr'>erit</span> <span class='ocrx_word' id='word_1_486' title='bbox 1602 3123 1668 3194; x_wconf 93' lang='lat' dir='ltr'>tihi</span> <span class='ocrx_word' id='word_1_487' title='bbox 1690 3148 1771 3192; x_wconf 92' lang='lat' dir='ltr'>cum</span> <span class='ocrx_word' id='word_1_488' title='bbox 1787 3148 1828 3194; x_wconf 90' lang='lat' dir='ltr'>eo</span> <span class='ocrx_word' id='word_1_489' title='bbox 1843 3125 1998 3195; x_wconf 90' lang='lat' dir='ltr'>iucunda</span> <span class='ocrx_word' id='word_1_490' title='bbox 2015 3130 2247 3203; x_wconf 87' lang='lat' dir='ltr'>cousuetudo.</span> <span class='ocrx_word' id='word_1_491' title='bbox 2314 3164 2317 3172; x_wconf 91' lang='lat'>·</span> 
     </span>
    </p>
   </div>
   <div class='ocr_carea' id='block_1_23' title="bbox 1256 3211 2256 4330">
    <p class='ocr_par' dir='ltr' id='par_1_23' title="bbox 1256 3211 2256 4330">
     <span class='ocr_line' id='line_1_68' title="bbox 1256 3211 2246 3318; baseline 0.006 -24"><span class='ocrx_word' id='word_1_492' title='bbox 1256 3222 1348 3294; x_wconf 88' lang='lat' dir='ltr'>Nam</span> <span class='ocrx_word' id='word_1_493' title='bbox 1365 3237 1399 3293; x_wconf 91' lang='lat' dir='ltr'>et</span> <span class='ocrx_word' id='word_1_494' title='bbox 1414 3246 1536 3293; x_wconf 90' lang='lat' dir='ltr'>omnes</span> <span class='ocrx_word' id='word_1_495' title='bbox 1551 3211 1800 3315; x_wconf 75' lang='lat' dir='ltr'>philosophiae</span> <span class='ocrx_word' id='word_1_496' title='bbox 1817 3240 1933 3318; x_wconf 89' lang='lat' dir='ltr'>partes</span> <span class='ocrx_word' id='word_1_497' title='bbox 1946 3251 2073 3317; x_wconf 83' lang='lat' dir='ltr'>magna</span> <span class='ocrx_word' id='word_1_498' title='bbox 2093 3230 2246 3300; x_wconf 85' lang='lat' dir='ltr'>dexteri-</span> 
     </span>
     <span class='ocr_line' id='line_1_69' title="bbox 1258 3325 2248 3423; baseline 0.008 -30"><span class='ocrx_word' id='word_1_499' title='bbox 1258 3326 1477 3410; x_wconf 81' lang='lat' dir='ltr'>tate&#39;tractat,</span> <span class='ocrx_word' id='word_1_500' title='bbox 1502 3325 1699 3410; x_wconf 86' lang='lat' dir='ltr'>etiustitia‚</span> <span class='ocrx_word' id='word_1_501' title='bbox 1724 3326 1805 3412; x_wconf 88' lang='lat' dir='ltr'>lide,</span> <span class='ocrx_word' id='word_1_502' title='bbox 1832 3329 1986 3397; x_wconf 88' lang='lat' dir='ltr'>candore</span> <span class='ocrx_word' id='word_1_503' title='bbox 2001 3329 2128 3400; x_wconf 84' lang='lat' dir='ltr'>eximio</span> <span class='ocrx_word' id='word_1_504' title='bbox 2144 3356 2248 3423; x_wconf 88' lang='lat' dir='ltr'>prac-</span> 
     </span>
     <span class='ocr_line' id='line_1_70' title="bbox 1258 3422 2248 3522; baseline 0.005 -25"><span class='ocrx_word' id='word_1_505' title='bbox 1258 3427 1354 3497; x_wconf 92' lang='lat' dir='ltr'>ditus</span> <span class='ocrx_word' id='word_1_506' title='bbox 1378 3441 1445 3511; x_wconf 89' lang='lat' dir='ltr'>est;</span> <span class='ocrx_word' id='word_1_507' title='bbox 1481 3450 1564 3495; x_wconf 89' lang='lat' dir='ltr'>nam</span> <span class='ocrx_word' id='word_1_508' title='bbox 1591 3422 1681 3495; x_wconf 90' lang='lat' dir='ltr'>mihi</span> <span class='ocrx_word' id='word_1_509' title='bbox 1704 3426 1811 3519; x_wconf 83' lang='lat' dir='ltr'>longo</span> <span class='ocrx_word' id='word_1_510' title='bbox 1832 3430 1904 3497; x_wconf 87' lang='lat' dir='ltr'>iam</span> <span class='ocrx_word' id='word_1_511' title='bbox 1925 3444 2083 3522; x_wconf 88' lang='lat' dir='ltr'>tempore</span> <span class='ocrx_word' id='word_1_512' title='bbox 2099 3457 2172 3501; x_wconf 91' lang='lat' dir='ltr'>non</span> <span class='ocrx_word' id='word_1_513' title='bbox 2189 3457 2248 3502; x_wconf 91' lang='lat' dir='ltr'>so-</span> 
     </span>
     <span class='ocr_line' id='line_1_71' title="bbox 1258 3525 2249 3621; baseline 0.004 -23"><span class='ocrx_word' id='word_1_514' title='bbox 1258 3528 1335 3599; x_wconf 92' lang='lat' dir='ltr'>lum</span> <span class='ocrx_word' id='word_1_515' title='bbox 1359 3542 1484 3613; x_wconf 88' lang='lat' dir='ltr'>notus,</span> <span class='ocrx_word' id='word_1_516' title='bbox 1508 3530 1569 3596; x_wconf 86' lang='lat' dir='ltr'>sed</span> <span class='ocrx_word' id='word_1_517' title='bbox 1585 3529 1689 3597; x_wconf 91' lang='lat' dir='ltr'>etiam</span> <span class='ocrx_word' id='word_1_518' title='bbox 1706 3531 1839 3599; x_wconf 91' lang='lat' dir='ltr'>amicus</span> <span class='ocrx_word' id='word_1_519' title='bbox 1855 3525 1944 3614; x_wconf 77' lang='lat' dir='ltr'>tuit,</span> <span class='ocrx_word' id='word_1_520' title='bbox 1967 3544 2001 3598; x_wconf 90' lang='lat' dir='ltr'>et</span> <span class='ocrx_word' id='word_1_521' title='bbox 2021 3547 2166 3621; x_wconf 88' lang='lat' dir='ltr'>propter</span> <span class='ocrx_word' id='word_1_522' title='bbox 2184 3527 2249 3602; x_wconf 88' lang='lat' dir='ltr'>has</span> 
     </span>
     <span class='ocr_line' id='line_1_72' title="bbox 1258 3627 2250 3722; baseline 0.004 -23"><span class='ocrx_word' id='word_1_523' title='bbox 1258 3630 1408 3701; x_wconf 87' lang='lat' dir='ltr'>virtutes</span> <span class='ocrx_word' id='word_1_524' title='bbox 1440 3653 1460 3698; x_wconf 90' lang='lat' dir='ltr'>a</span> <span class='ocrx_word' id='word_1_525' title='bbox 1486 3627 1584 3698; x_wconf 90' lang='lat' dir='ltr'>Duce</span> <span class='ocrx_word' id='word_1_526' title='bbox 1608 3627 1773 3699; x_wconf 89' lang='lat' dir='ltr'>Prussiae</span> <span class='ocrx_word' id='word_1_527' title='bbox 1797 3631 1969 3720; x_wconf 84' lang='lat' dir='ltr'>diligitur.</span> <span class='ocrx_word' id='word_1_528' title='bbox 2034 3629 2114 3702; x_wconf 89' lang='lat' dir='ltr'>Erit</span> <span class='ocrx_word' id='word_1_529' title='bbox 2141 3633 2250 3722; x_wconf 83' lang='lat' dir='ltr'>igitur</span> 
     </span>
     <span class='ocr_line' id='line_1_73' title="bbox 1258 3726 2252 3823; baseline 0.001 -21"><span class='ocrx_word' id='word_1_530' title='bbox 1258 3726 1492 3802; x_wconf 88' lang='lat' dir='ltr'>humanitatis</span> <span class='ocrx_word' id='word_1_531' title='bbox 1508 3743 1605 3816; x_wconf 88' lang='lat' dir='ltr'>tuae,</span> <span class='ocrx_word' id='word_1_532' title='bbox 1626 3726 1803 3823; x_wconf 91' lang='lat' dir='ltr'>hospitem</span> <span class='ocrx_word' id='word_1_533' title='bbox 1820 3726 2071 3823; x_wconf 89' lang='lat' dir='ltr'>Philosophiae</span> <span class='ocrx_word' id='word_1_534' title='bbox 2093 3757 2195 3803; x_wconf 89' lang='lat' dir='ltr'>causa</span> <span class='ocrx_word' id='word_1_535' title='bbox 2211 3735 2252 3803; x_wconf 90' lang='lat' dir='ltr'>in</span> 
     </span>
     <span class='ocr_line' id='line_1_74' title="bbox 1260 3829 2253 3928; baseline 0 -25"><span class='ocrx_word' id='word_1_536' title='bbox 1260 3829 1399 3904; x_wconf 87' lang='lat' dir='ltr'>ltaliam</span> <span class='ocrx_word' id='word_1_537' title='bbox 1409 3832 1608 3903; x_wconf 89' lang='lat' dir='ltr'>venientem</span> <span class='ocrx_word' id='word_1_538' title='bbox 1624 3833 1825 3923; x_wconf 79' lang='lat' dir='ltr'>complecti3</span> <span class='ocrx_word' id='word_1_539' title='bbox 1851 3847 1892 3903; x_wconf 89' lang='lat' dir='ltr'>ut</span> <span class='ocrx_word' id='word_1_540' title='bbox 1905 3833 2075 3903; x_wconf 91' lang='lat' dir='ltr'>credibile</span> <span class='ocrx_word' id='word_1_541' title='bbox 2088 3848 2157 3918; x_wconf 90' lang='lat' dir='ltr'>est,</span> <span class='ocrx_word' id='word_1_542' title='bbox 2176 3834 2253 3928; x_wconf 79' lang='lat' dir='ltr'>Ty.</span> 
     </span>
     <span class='ocr_line' id='line_1_75' title="bbox 1260 3930 2252 4032; baseline -0.003 -26"><span class='ocrx_word' id='word_1_543' title='bbox 1260 3958 1400 4006; x_wconf 71' lang='lat' dir='ltr'>maetam</span> <span class='ocrx_word' id='word_1_544' title='bbox 1418 3949 1451 4005; x_wconf 88' lang='lat' dir='ltr'>et</span> <span class='ocrx_word' id='word_1_545' title='bbox 1467 3930 1660 4029; x_wconf 79' lang='lat' dir='ltr'>Archytam</span> <span class='ocrx_word' id='word_1_546' title='bbox 1672 3930 1740 4032; x_wconf 87' lang='lat'>¹¹),</span> <span class='ocrx_word' id='word_1_547' title='bbox 1774 3934 1835 4029; x_wconf 86' lang='lat' dir='ltr'>qui</span> <span class='ocrx_word' id='word_1_548' title='bbox 1852 3934 1890 4003; x_wconf 93' lang='lat' dir='ltr'>in</span> <span class='ocrx_word' id='word_1_549' title='bbox 1905 3934 1965 4004; x_wconf 88' lang='lat' dir='ltr'>illa</span> <span class='ocrx_word' id='word_1_550' title='bbox 1991 3935 2117 4006; x_wconf 90' lang='lat' dir='ltr'>ultima</span> <span class='ocrx_word' id='word_1_551' title='bbox 2131 3932 2252 4006; x_wconf 89' lang='lat' dir='ltr'>ltaliae</span> 
     </span>
     <span class='ocr_line' id='line_1_76' title="bbox 1262 4031 2255 4130; baseline -0.001 -22"><span class='ocrx_word' id='word_1_552' title='bbox 1262 4062 1323 4108; x_wconf 91' lang='lat' dir='ltr'>ora</span> <span class='ocrx_word' id='word_1_553' title='bbox 1340 4031 1602 4130; x_wconf 89' lang='lat' dir='ltr'>philosophiam</span> <span class='ocrx_word' id='word_1_554' title='bbox 1617 4037 1831 4120; x_wconf 90' lang='lat' dir='ltr'>docueruut,</span> <span class='ocrx_word' id='word_1_555' title='bbox 1858 4037 2056 4129; x_wconf 87' lang='lat' dir='ltr'>complexos</span> <span class='ocrx_word' id='word_1_556' title='bbox 2077 4060 2155 4106; x_wconf 84' lang='lat' dir='ltr'>esse·</span> <span class='ocrx_word' id='word_1_557' title='bbox 2170 4036 2255 4107; x_wconf 90' lang='lat' dir='ltr'>Pla-</span> 
     </span>
     <span class='ocr_line' id='line_1_77' title="bbox 1262 4132 2256 4232; baseline -0.005 -20"><span class='ocrx_word' id='word_1_558' title='bbox 1262 4155 1383 4212; x_wconf 90' lang='lat' dir='ltr'>tonem</span> <span class='ocrx_word' id='word_1_559' title='bbox 1396 4152 1441 4224; x_wconf 85' lang='lat' dir='ltr'>et</span> <span class='ocrx_word' id='word_1_560' title='bbox 1460 4139 1566 4223; x_wconf 89' lang='lat' dir='ltr'>alios,</span> <span class='ocrx_word' id='word_1_561' title='bbox 1589 4139 1650 4230; x_wconf 89' lang='lat' dir='ltr'>qui</span> <span class='ocrx_word' id='word_1_562' title='bbox 1677 4165 1718 4209; x_wconf 83' lang='lat' dir='ltr'>ex</span> <span class='ocrx_word' id='word_1_563' title='bbox 1734 4137 1882 4208; x_wconf 89' lang='lat' dir='ltr'>Graecia</span> <span class='ocrx_word' id='word_1_564' title='bbox 1900 4139 1942 4207; x_wconf 87' lang='lat' dir='ltr'>ad</span> <span class='ocrx_word' id='word_1_565' title='bbox 1961 4132 2072 4232; x_wconf 77' lang='lat' dir='ltr'>eos¹³)</span> <span class='ocrx_word' id='word_1_566' title='bbox 2095 4134 2256 4208; x_wconf 84' lang='lat' dir='ltr'>discendi</span> 
     </span>
     <span class='ocr_line' id='line_1_78' title="bbox 1264 4234 2256 4330; baseline -0.004 -19"><span class='ocrx_word' id='word_1_567' title='bbox 1264 4265 1367 4312; x_wconf 86' lang='lat' dir='ltr'>causa</span> <span class='ocrx_word' id='word_1_568' title='bbox 1396 4241 1618 4330; x_wconf 82' lang='lat' dir='ltr'>navigarunt.</span> <span class='ocrx_word' id='word_1_569' title='bbox 1683 4237 1780 4309; x_wconf 89' lang='lat' dir='ltr'>Bene</span> <span class='ocrx_word' id='word_1_570' title='bbox 1805 4238 1901 4325; x_wconf 91' lang='lat' dir='ltr'>vale,</span> <span class='ocrx_word' id='word_1_571' title='bbox 1932 4240 1990 4308; x_wconf 90' lang='lat' dir='ltr'>die</span> <span class='ocrx_word' id='word_1_572' title='bbox 2023 4238 2080 4314; x_wconf 78' lang='lat'>12.</span> <span class='ocrx_word' id='word_1_573' title='bbox 2103 4234 2256 4330; x_wconf 76' lang='lat' dir='ltr'>Augusti</span> 
     </span>
    </p>
   </div>
   <div class='ocr_carea' id='block_1_24' title="bbox 1269 4337 2156 4580">
    <p class='ocr_par' dir='ltr' id='par_1_24' title="bbox 1269 4337 2156 4580">
     <span class='ocr_line' id='line_1_79' title="bbox 1269 4337 1437 4439; baseline -0.018 -25"><span class='ocrx_word' id='word_1_574' title='bbox 1269 4337 1437 4439; x_wconf 77' lang='lat'>1544.¹⁴)</span> 
     </span>
     <span class='ocr_line' id='line_1_80' title="bbox 1725 4481 2156 4580; baseline 0 -23"><span class='ocrx_word' id='word_1_575' title='bbox 1725 4483 1914 4580; x_wconf 89' lang='lat' dir='ltr'>Philippus</span> <span class='ocrx_word' id='word_1_576' title='bbox 1931 4481 2156 4557; x_wconf 82' lang='lat' dir='ltr'>Melanthou.</span> 
     </span>
    </p>
   </div>
   <div class='ocr_carea' id='block_1_25' title="bbox 1306 4807 1920 5381">
    <p class='ocr_par' dir='ltr' id='par_1_25' title="bbox 1306 4807 1743 4868">
     <span class='ocr_line' id='line_1_81' title="bbox 1306 4807 1743 4868; baseline -0.011 -2"><span class='ocrx_word' id='word_1_577' title='bbox 1306 4809 1334 4868; x_wconf 69' lang='lat' dir='ltr'>7l</span> <span class='ocrx_word' id='word_1_578' title='bbox 1349 4809 1419 4866; x_wconf 86' lang='lat' dir='ltr'>Cod.</span> <span class='ocrx_word' id='word_1_579' title='bbox 1435 4809 1515 4862; x_wconf 79' lang='lat' dir='ltr'>Mon.</span> <span class='ocrx_word' id='word_1_580' title='bbox 1530 4808 1575 4862; x_wconf 88' lang='grc'>88.</span> <span class='ocrx_word' id='word_1_581' title='bbox 1587 4807 1743 4863; x_wconf 74' lang='lat' dir='ltr'>excutiunt.</span> 
     </span>
    </p>

    <p class='ocr_par' dir='ltr' id='par_1_26' title="bbox 1307 4886 1572 4964">
     <span class='ocr_line' id='line_1_82' title="bbox 1307 4886 1572 4964; baseline -0.023 -14"><span class='ocrx_word' id='word_1_582' title='bbox 1307 4886 1336 4950; x_wconf 81' lang='grc'>8)</span> <span class='ocrx_word' id='word_1_583' title='bbox 1354 4896 1411 4964; x_wconf 71' lang='lat' dir='ltr'>nrt]</span> <span class='ocrx_word' id='word_1_584' title='bbox 1429 4895 1519 4947; x_wconf 80' lang='lat' dir='ltr'>Luna.</span> <span class='ocrx_word' id='word_1_585' title='bbox 1531 4901 1572 4945; x_wconf 82' lang='lat' dir='ltr'>eet.</span> 
     </span>
    </p>

    <p class='ocr_par' dir='ltr' id='par_1_27' title="bbox 1308 4970 1742 5048">
     <span class='ocr_line' id='line_1_83' title="bbox 1308 4970 1742 5048; baseline 0.009 -20"><span class='ocrx_word' id='word_1_586' title='bbox 1308 4971 1337 5040; x_wconf 85' lang='lat'>9)</span> <span class='ocrx_word' id='word_1_587' title='bbox 1355 4970 1394 5023; x_wconf 82' lang='lat' dir='ltr'>M·</span> <span class='ocrx_word' id='word_1_588' title='bbox 1407 4980 1477 5033; x_wconf 65' lang='lat' dir='ltr'>abest</span> <span class='ocrx_word' id='word_1_589' title='bbox 1493 4979 1526 5031; x_wconf 90' lang='lat' dir='ltr'>ab</span> <span class='ocrx_word' id='word_1_590' title='bbox 1545 4994 1639 5048; x_wconf 75' lang='lat' dir='ltr'>apogr.</span> <span class='ocrx_word' id='word_1_591' title='bbox 1655 4974 1742 5032; x_wconf 83' lang='lat' dir='ltr'>huna·</span> 
     </span>
    </p>

    <p class='ocr_par' dir='ltr' id='par_1_28' title="bbox 1311 5057 1664 5122">
     <span class='ocr_line' id='line_1_84' title="bbox 1311 5057 1664 5122; baseline 0.014 -12"><span class='ocrx_word' id='word_1_592' title='bbox 1311 5058 1355 5122; x_wconf 91' lang='grc'>10)</span> <span class='ocrx_word' id='word_1_593' title='bbox 1368 5057 1468 5121; x_wconf 70' lang='lat' dir='ltr'>doctu]</span> <span class='ocrx_word' id='word_1_594' title='bbox 1484 5061 1569 5115; x_wconf 81' lang='lat' dir='ltr'>Luna.</span> <span class='ocrx_word' id='word_1_595' title='bbox 1583 5065 1664 5115; x_wconf 80' lang='lat' dir='ltr'>dorso.</span> 
     </span>
    </p>

    <p class='ocr_par' dir='ltr' id='par_1_29' title="bbox 1313 5141 1617 5212">
     <span class='ocr_line' id='line_1_85' title="bbox 1313 5141 1617 5212; baseline 0.007 -12"><span class='ocrx_word' id='word_1_596' title='bbox 1313 5147 1355 5208; x_wconf 87' lang='lat' dir='ltr'>ll)</span> <span class='ocrx_word' id='word_1_597' title='bbox 1367 5143 1444 5212; x_wconf 65' lang='lat' dir='ltr'>suit]</span> <span class='ocrx_word' id='word_1_598' title='bbox 1465 5141 1546 5203; x_wconf 75' lang='lat' dir='ltr'>launa·</span> <span class='ocrx_word' id='word_1_599' title='bbox 1565 5156 1617 5202; x_wconf 84' lang='lat' dir='ltr'>est.</span> 
     </span>
    </p>

    <p class='ocr_par' dir='ltr' id='par_1_30' title="bbox 1312 5225 1845 5298">
     <span class='ocr_line' id='line_1_86' title="bbox 1312 5225 1845 5298; baseline -0.006 -14"><span class='ocrx_word' id='word_1_600' title='bbox 1312 5230 1355 5298; x_wconf 76' lang='lat' dir='ltr'>tt)</span> <span class='ocrx_word' id='word_1_601' title='bbox 1374 5228 1460 5282; x_wconf 71' lang='lat' dir='ltr'>Luat·</span> <span class='ocrx_word' id='word_1_602' title='bbox 1479 5225 1624 5286; x_wconf 70' lang='lat' dir='ltr'>Timarum</span> <span class='ocrx_word' id='word_1_603' title='bbox 1642 5239 1670 5283; x_wconf 83' lang='lat' dir='ltr'>et</span> <span class='ocrx_word' id='word_1_604' title='bbox 1687 5228 1845 5282; x_wconf 70' lang='lat' dir='ltr'>Arsurum.</span> 
     </span>
    </p>

    <p class='ocr_par' dir='ltr' id='par_1_31' title="bbox 1314 5309 1920 5381">
     <span class='ocr_line' id='line_1_87' title="bbox 1314 5309 1920 5381; baseline -0.003 -15"><span class='ocrx_word' id='word_1_605' title='bbox 1314 5312 1358 5381; x_wconf 83' lang='grc'>18)</span> <span class='ocrx_word' id='word_1_606' title='bbox 1376 5318 1442 5379; x_wconf 87' lang='lat' dir='ltr'>eos]</span> <span class='ocrx_word' id='word_1_607' title='bbox 1462 5309 1526 5365; x_wconf 87' lang='lat' dir='ltr'>cod.</span> <span class='ocrx_word' id='word_1_608' title='bbox 1539 5309 1646 5369; x_wconf 84' lang='lat' dir='ltr'>Monac.</span> <span class='ocrx_word' id='word_1_609' title='bbox 1658 5311 1703 5367; x_wconf 79' lang='lat'>90.</span> <span class='ocrx_word' id='word_1_610' title='bbox 1719 5319 1746 5366; x_wconf 89' lang='lat' dir='ltr'>et</span> <span class='ocrx_word' id='word_1_611' title='bbox 1762 5309 1848 5364; x_wconf 84' lang='lat' dir='ltr'>huus.</span> <span class='ocrx_word' id='word_1_612' title='bbox 1862 5316 1920 5364; x_wconf 77' lang='lat' dir='ltr'>vos.</span> 
     </span>
    </p>
   </div>
   <div class='ocr_carea' id='block_1_26' title="bbox 1314 5389 2264 5520">
    <p class='ocr_par' dir='ltr' id='par_1_32' title="bbox 1314 5389 2264 5520">
     <span class='ocr_line' id='line_1_88' title="bbox 1314 5389 2264 5520; baseline -0.004 -68"><span class='ocrx_word' id='word_1_613' title='bbox 1314 5398 1362 5520; x_wconf 63' lang='lat' dir='ltr'>llll</span> <span class='ocrx_word' id='word_1_614' title='bbox 1375 5391 1569 5518; x_wconf 50' lang='lat' dir='ltr'>liupzifitaffl„</span> <span class='ocrx_word' id='word_1_615' title='bbox 1588 5410 1618 5444; x_wconf 80' lang='lat' dir='ltr'>ex</span> <span class='ocrx_word' id='word_1_616' title='bbox 1630 5395 1741 5452; x_wconf 86' lang='lat' dir='ltr'>ruendo.</span> <span class='ocrx_word' id='word_1_617' title='bbox 1776 5391 1840 5449; x_wconf 87' lang='lat' dir='ltr'>Vid.</span> <span class='ocrx_word' id='word_1_618' title='bbox 1858 5409 1940 5465; x_wconf 86' lang='lat' dir='ltr'>supra</span> <span class='ocrx_word' id='word_1_619' title='bbox 1961 5410 2002 5466; x_wconf 87' lang='lat' dir='ltr'>ep.</span> <span class='ocrx_word' id='word_1_620' title='bbox 2022 5389 2216 5461; x_wconf 78' lang='lat' dir='ltr'>sd&#39;theodor.</span> <span class='ocrx_word' id='word_1_621' title='bbox 2236 5390 2264 5448; x_wconf 86' lang='grc'><strong>8.</strong></span> 
     </span>
     <span class='ocr_line' id='line_1_89' title="bbox 1366 5483 1529 5520; baseline -0.012 -4"><span class='ocrx_word' id='word_1_622' title='bbox 1366 5504 1373 5520; x_wconf 89' lang='grc'><strong>.</strong></span> <span class='ocrx_word' id='word_1_623' title='bbox 1399 5483 1414 5516; x_wconf 86' lang='lat' dir='ltr'>ll</span> <span class='ocrx_word' id='word_1_624' title='bbox 1427 5499 1434 5516; x_wconf 80' lang='grc' dir='ltr'>ι</span> <span class='ocrx_word' id='word_1_625' title='bbox 1521 5497 1529 5514; x_wconf 83' lang='lat' dir='ltr'>s</span> 
     </span>
    </p>
   </div>
   <div class='ocr_carea' id='block_1_27' title="bbox 1413 5537 1464 5608">
    <p class='ocr_par' dir='ltr' id='par_1_33' title="bbox 1413 5537 1464 5608">
     <span class='ocr_line' id='line_1_90' title="bbox 1413 5537 1464 5608; baseline -0.039 0"><span class='ocrx_word' id='word_1_626' title='bbox 1413 5537 1464 5608; x_wconf 89' lang='grc'><strong>80</strong></span> 
     </span>
    </p>
   </div>
   <div class='ocr_carea' id='block_1_28' title="bbox 2339 4486 2347 4520">
    <p class='ocr_par' dir='ltr' id='par_1_34' title="bbox 2339 4486 2347 4520">
     <span class='ocr_line' id='line_1_91' title="bbox 2339 4486 2347 4520; baseline 0 0"><span class='ocrx_word' id='word_1_627' title='bbox 2339 4486 2347 4520; x_wconf 85' lang='lat' dir='ltr'>t</span> 
     </span>
    </p>
   </div>
   <div class='ocr_carea' id='block_1_29' title="bbox 0 0 2482 6420">
    <p class='ocr_par' dir='ltr' id='par_1_35' title="bbox 0 0 2482 6420">
     <span class='ocr_line' id='line_1_92' title="bbox 0 0 2482 6420; baseline 0 0"><span class='ocrx_word' id='word_1_628' title='bbox 0 0 2482 6420; x_wconf 95' lang='lat' dir='ltr'> </span> 
     </span>
    </p>
   </div>
  </div>
 </body>
</html>
