4868 6420
194 304 243 380 ss
763 281 1467 394 urrsronaaunnmut.
1520 309 1653 388 rats.
1812 323 1824 336 ·
2039 269 2060 331 Ψ
2185 309 2236 383 aa

199 503 283 562 oro,
321 492 360 547 ut
390 501 456 547 nos
483 478 578 547 iuvet
607 493 642 549 et
656 475 834 571 'reliquias
853 474 1030 549 Ecclesiae
1063 491 1188 551 servet.
1237 476 1303 548 No.
1317 474 1430 554 2654.
2091 494 2122 555 g,
2138 483 2228 549 Mart,

201 579 317 649 Tanta
334 592 384 648 est
399 579 437 646 in
455 578 577 667 Belgio
599 580 811 669 opinionum
826 580 1008 666 conlusio,
1031 595 1072 651 ut
1084 577 1191 650 hodie
1244 573 1416 603 Μ
1737 651 1744 667 ·
1806 650 1813 665 .
2100 577 2229 604 Μ

202 682 344 764 audivi,
384 694 424 751 ut
454 678 661 772 Principum
689 682 958 770 negligentiam,
994 683 1052 751 vel
1075 682 1193 774 potius
1591 645 1644 729 L·
1672 643 1880 756 CNSPWO·

203 797 381 874 stuporem
405 788 479 899 nim
501 782 631 871 possim
653 806 734 900 ¹¹⁰⁰,
751 783 915 900 execrari.
965 778 1066 853 Nihil
1086 784 1193 852 mire*
1308 821 1388 876 Edita
1408 822 1436 874 in
1455 822 1482 876 8.
1504 820 1575 876 libro
1592 822 1775 895 Epistolarum
1789 789 1981 878 Eobanilleasi
2001 824 2119 881 aloaeh.
2133 824 2234 879 Came-

202 909 283 953 mur
305 896 446 952 concutr
464 885 586 953 orbem
610 885 867 954 mutatronrbus
888 885 1137 975 imperiorum,
1161 897 1195 952 et
1344 892 1416 943 rario
1428 890 1519 958 edito,
1537 892 1608 962 Lips.
1627 894 1701 946 1561.
1713 895 1740 948 8.
1776 893 1883 946 Partem
1900 893 1956 947 eius
1971 893 2045 946 dedit
2063 895 2143 948 etiam
2159 894 2235 949 Ten·

201 986 324 1078 puniri
343 981 467 1072 Reges.
519 981 616 1054 Beue
631 999 665 1054 et
686 985 835 1055 feliciter
859 986 947 1060 vale.
998 984 1077 1056 Nisi
1105 1000 1196 1056 tem·
1342 957 1891 1031 ¹²²¹·³¹¹'⁰⁹⁹¹em’h³⁸¹⁰'i³‘fi⁰¹h¹¹¹²‘
1909 961 1996 1032 ΡΜ·

202 1100 352 1179 pestates
367 1109 424 1154 me
440 1082 664 1173 retinebunt,
689 1087 895 1178 expatiabor
917 1089 962 1158 ad
985 1111 1061 1162 vos.
1110 1084 1195 1158 lttl.
1243 1111 1412 1210 Egregp,
1451 1109 1619 1186 docpffna
1658 1126 1690 1186 ιι

204 1187 326 1259 Martii
1720 1116 1854 1215 pietate
1878 1113 2048 1214 praedito
2080 1111 2235 1191 Leon-

1243 1211 1302 1287 ba
1314 1213 1397 1286 rdo
1420 1208 1647 1315 Crispino
1673 1219 1713 1288 in
1729 1214 1863 1315 oppido
1877 1215 2071 1314 Homburg
2096 1217 2238 1291 docenti

764 1283 954 1383 Philippus
971 1283 1148 1362 Melanth·
1365 1316 1581 1388 iuventutem
1598 1317 1717 1390 bonas
1733 1317 1880 1401 literas,
1907 1320 2024 1391 amico
2039 1345 2126 1408 suo,

1244 1431 1288 1523 S.
1314 1450 1359 1522 D.
1410 1450 1568 1539 Vellem,
1598 1445 1770 1550 Crispina
1792 1454 1944 1546 optime,
1975 1455 2145 1526 celebrari
2170 1421 2238 1526 no:

1236 1578 1325 1642 ,men
1340 1546 1535 1638 Matiani,
1560 1569 1594 1626 et
1609 1554 1742 1625 versari
1761 1555 1836 1624 eius
1859 1549 2077 1651 scriptum*)
2098 1556 2137 1626 in
2160 1581 2237 1627 ma-

1244 1656 1349 1725 nibus
1373 1649 1574 1730 hominum.
1631 1656 1702 1728 Sed
1723 1657 1819 1748 quod
1842 1656 1969 1725 misisti
1994 1658 2062 1727 tale
2084 1671 2174 1741 erat,
2197 1672 2237 1729 ut

514 1791 616 1878 Vim
649 1793 882 1878 sseodom
1076 1824 1083 1834 ,
1245 1757 1505 1825 emendandum
1522 1769 1621 1827 esset.
1664 1754 1754 1827 Erat
1767 1756 1861 1826 enirn
1877 1757 1990 1848 prima
2006 1758 2094 1828 silva
2109 1760 2237 1850 operis.

873 1859 883 1881 ⁰
1244 1856 1314 1928 Sed
1335 1858 1490 1949 profecto
1513 1870 1592 1950 post
1618 1872 1671 1928 tot
1691 1880 1785 1927 meas
1806 1859 2125 1950 peregrinationes,
2157 1874 2238 1952 post

274 1951 525 2112 Effi⁵'‘¹ib},¹}gg'
541 1973 589 2027 ttt
605 1991 645 2045 sq.
665 2001 700 2015 -
736 1972 787 2029 ttic
799 1991 830 2026 ex
843 1971 1009 2045 autographo
1022 1970 1051 2027 in
1064 1972 1123 2027 cod.
1132 1971 1198 2025 Mo·
1244 1972 1297 2129 pot
1323 1971 1517 2029 conventus
1540 1972 1574 2030 et
1599 1959 1845 2029 molestissima
1873 1961 2065 2033 certamina
2093 1960 2157 2032 ubi
2192 1961 2238 2032 sit

328 2061 401 2097 κ’·
438 2078 445 2094 ·
512 2079 520 2096 ·
1148 2100 1151 2106 ,
1259 2060 1480 2133 ihernescio.
1579 2098 1585 2108 ·

203 1624 271 1699 No.
287 1619 399 1698 2658.
1060 1629 1198 1748 Q

210 1721 383 1751 Μ

204 2192 259 2268 D.
280 2193 391 2269 Vita
407 2192 529 2269 Theo
541 2192 670 2285 doro,
696 2194 838 2270 docenti
844 2194 993 2294 Evang.
1009 2196 1049 2267 in
1059 2193 1198 2268 Eccles.
1344 2189 1399 2263 De
1413 2190 1631 2263 Hermanno
1644 2193 1811 2286 respondi
1826 2188 2073 2264 honestissimo
2090 2193 2239 2267 Senatui
2328 2286 2332 2293 ι

638 2296 773 2371 Norib.
1245 2308 1278 2365 et
1298 2295 1424 2364 vestris
1446 2294 1718 2385 magistratibus.
1768 2293 2016 2365 Misericordia
2041 2297 2238 2383 afficereris,

1244 2397 1273 2465 si
1288 2396 1526 2466 assiduitatem
1542 2397 1706 2466 laborum
1722 2410 1925 2466 nostrorum
1943 2397 2090 2470 videres.
2133 2395 2238 2468 Hanc

1244 2492 1351 2568 hodie
1368 2498 1482 2567 scribo
1497 2497 1668 2566 decimam
1687 2489 1959 2593 epistolam**),
1991 2500 2051 2567 sed
2074 2494 2160 2568 haee
2185 2513 2238 2569 est

1245 2599 1406 2669 omnium
1430 2599 1655 2683 brevissima,
1687 2623 1766 2668 cum
1793 2601 1839 2669 ad
1863 2612 1917 2683 te,
1943 2601 2086 2670 doctum
2108 2601 2238 2685 virum,

1245 2724 1410 2791 cuperem
1424 2699 1661 2790 copiosissime
1675 2699 1840 2784 scribere,
1861 2713 1964 2792 teque
1978 2723 2075 2790 rogo,
2101 2713 2141 2770 ut
2154 2703 2237 2771 bre·

1245 2801 1346 2871 vitati
1379 2801 1519 2879 veniam
1545 2802 1618 2875 des.
1678 2797 1812 2871 Animo
1844 2814 1935 2871 certe
1959 2815 2074 2871 tecum
2097 2816 2131 2873 et
2155 2827 2237 2874 cum

1245 2902 1412 2972 omnibus
1434 2901 1624 2996 symmistis
1646 2902 1716 2971 tuis
1741 2925 1821 2972 sum
1844 2901 2171 2990 coniunctissimus,
2202 2917 2239 2976 et

1244 3000 1320 3074 Deo
1347 3005 1452 3073 dante
1474 3026 1610 3094 semper
1631 3027 1702 3075 ero.
1753 3001 1826 3072 Nee
1843 3005 1993 3074 deerunt
2009 3004 2141 3090 officia,
2167 3029 2238 3098 qua

1246 3105 1352 3173 modo
1367 3117 1541 3195 praestare
1556 3117 1690 3196 potero.
1742 3101 1839 3174 Bene
1854 3103 1941 3174 vale.
1993 3101 2060 3174 Die
2077 3104 2111 3179 8.
2127 3105 2236 3177 Mart.

1248 3201 1357 3278 1543.

204 2407 248 2499 S.
274 2429 317 2502 D.
369 2428 563 2522 Excrucior
587 2434 821 2505 diuturnitate
846 2435 978 2505 silentii
1001 2433 1074 2518 tui,
1115 2458 1198 2501 narn

204 2533 357 2622 amplius
373 2556 493 2602 meuse
510 2529 603 2605 nihil
618 2536 723 2621 istinc
741 2539 856 2628 accepi
882 2537 1077 2607 literarum.
1121 2533 1200 2608 Ne-

204 2655 273 2723 que
296 2647 413 2703 tamen
440 2646 473 2703 te
499 2657 642 2719 accuso,
681 2639 743 2705 sed
767 2637 1032 2727 tempestatibus
1052 2635 1199 2705 retineri

205 2735 355 2803 nuncios
372 2735 537 2807 arbitror.
590 2735 724 2826 Scripsi
741 2751 858 2807 autem
874 2740 917 2807 de
939 2738 1062 2806 multis
1089 2759 1200 2824 nego-

205 2835 265 2905 tiis
282 2838 325 2903 ad
344 2849 394 2921 te,
419 2861 458 2906 ac
474 2835 685 2907 nominatim
704 2839 748 2907 de
762 2832 1199 2932 HieronymoScltreider,

205 2938 250 3006 de
266 2937 396 3028 quibus
410 2951 450 3008 ut
461 2932 553 3006 mihi
566 2941 789 3029 respondeas,
805 2951 839 3010 te
851 2941 960 3012 'etiam
974 2954 1079 3035 atque
1095 2939 1200 3009 etiam

100 3118 106 3123 ,
207 3031 331 3131 oro*).
1071 3082 1073 3086 ·

311 3155 354 3225 ln
371 3150 549 3226 Moroeia
566 3171 679 3228 terrae
698 3171 797 3228 motu
813 3159 965 3252 quassati
980 3159 1124 3254 quidam
1140 3171 1199 3229 tu-

207 3259 316 3342 muli,
339 3273 458 3349 postea
474 3253 677 3328 dehiscente
701 3273 815 3344 terra,
839 3262 886 3331 ita
908 3261 1016 3330 mersi
1036 3274 1135 3345 sunt,
1161 3274 1200 3331 ut
1934 3302 2014 3375 Phil
2046 3304 2135 3378 Mel·

207 3371 456 3428 nunctantum
473 3373 589 3430 extent
609 3383 714 3452 supra
737 3374 866 3431 terram
892 3362 1073 3431 cacumina
1094 3361 1199 3430 arho-
2019 3359 2028 3380 ⁸

206 3484 301 3530 rum.
353 3456 476 3529 Motus
490 3461 598 3550 igitur
613 3461 699 3531 novi
714 3462 876 3552 prodigio
892 3463 1163 3536 denunciantur.
1219 3485 1225 3603 p

309 3587 531 3661 Commendo
565 3593 632 3664 tibi
664 3589 760 3664 hunc
795 3590 974 3664 Gallicum
1004 3591 1201 3685 Hospitem,
1245 3607 1440 3687 N002655,
2018 3622 2083 3700 (gi,
2100 3621 2236 3702 aequin.)

206 3685 643 3778 PetrumNormannam,
666 3695 822 3764 amicum
839 3708 873 3767 et
889 3691 1097 3766 Auditorem
1108 3691 1200 3765 Ioa-
1252 3707 1424 3739 Μ
2018 3711 2230 3748 Μ

208 3788 338 3878 chimi,
362 3794 425 3887 qui
449 3794 524 3863 eius
547 3794 782 3884 integritatem
807 3796 996 3887 praedicat.
1046 3792 1095 3866 Et
1118 3797 1202 3880 scio,
1621 3776 1684 3861 Ῑο.
1713 3778 1863 3862 Hesao.

207 3893 399 3967 Doctrinae
412 3890 675 3966 Ecclesiasticae
691 3910 725 3966 et
736 3894 884 3966 Latinae
901 3909 935 3966 et
950 3892 1202 3967 GraecaeLin-
1267 3913 1447 4006 'mm
1471 3949 1508 4004 m
1573 3950 1625 4004 ,24
1655 3951 1700 4019 (et
1721 3949 1797 4005 ,md
1821 3950 1858 4006 ,ib
1881 3948 1920 4003 Π,
1943 3967 1976 4020 ep
2005 3948 2080 4018 182)

209 3993 298 4086 guae
327 3996 591 4087 perstudiosum
617 4019 701 4067 esse.
751 3995 830 4067 Hoc
854 4021 949 4068 anno
973 3997 1140 4068 militavit
1163 3998 1201 4067 in
1337 3970 1354 4025 Ρ
1442 3988 1458 4080 f
1511 3967 1560 4023 .p.
1626 3985 1635 4004 ’
1702 3989 1710 4005 ’
1799 3988 1807 4005 ’
1859 3986 1868 4005 ’
1921 3985 1930 4005 ’
1979 3986 1988 4005 ’
2057 3988 2064 4004 ’

208 4097 417 4170 Pannoniis.
449 4094 580 4168 Videre
594 4098 691 4190 cupit
707 4100 1019 4170 armamentarium
1033 4113 1202 4180 vestrum,
1535 4102 1565 4176 I
1571 4099 1659 4177 oda
1669 4132 1694 4177 n
1705 4106 1757 4176 ni
1784 4103 1833 4175 H
1834 4129 1876 4176 es
1886 4130 1905 4176 s
1915 4130 1947 4178 o.

210 4224 278 4292 qua
296 4200 335 4266 in
351 4221 408 4279 re,
433 4211 472 4269 ut
487 4193 662 4292 hospitem
677 4201 793 4270 virum
808 4201 987 4286 nobilem,
1010 4212 1044 4270 et
1065 4200 1201 4270 bonum

210 4302 373 4385 adiuves,
406 4295 638 4372 humanitatis
664 4302 731 4372 erit
753 4316 844 4375 tuae.
895 4300 967 4372 Nec
988 4314 1093 4391 puto,
1126 4326 1200 4371 rem

209 4401 390 4471 difficilem
407 4425 488 4474 esse.
542 4402 639 4474 Tuas
651 4402 770 4472 literas
789 4416 943 4495 expecto.
993 4400 1091 4473 Bene
1109 4403 1200 4472 vale.

210 4505 267 4573 die
283 4500 319 4576 4.
334 4500 471 4573 Martii.

1246 4219 1333 4312 Etsi
1356 4241 1479 4312 vident
1499 4238 1616 4329 Reges
1638 4255 1672 4312 et
1695 4239 1879 4333 Principes
1901 4239 2093 4312 Turcicum
2114 4255 2238 4337 tyran·

1246 4368 1332 4413 num
1362 4343 1432 4412 iam
1453 4356 1667 4431 grassantem
1690 4342 1729 4410 in
1755 4341 1970 4426 Pannoniis,
2005 4340 2237 4414 Germaniam

1246 4446 1352 4514 etiam
1376 4458 1555 4535 appetere:
1595 4457 1714 4514 tamen
1739 4467 1924 4538 nunquam
1950 4444 2060 4533 magis
2083 4444 2177 4515 inter
2199 4467 2236 4514 se

781 4619 817 4636 ..
1246 4546 1423 4615 discordes
1455 4545 1611 4617 luerunt.
1669 4543 1877 4617 Conventus
1898 4540 2194 4634 Norinbergensis
2210 4542 2237 4640 ¹)

722 4615 910 4712 ΡῙΠῙῙΡΡῧῧ
926 4616 1150 4698 M⁰¹³¹¹¹h⁰¹¹0
1245 4642 1339 4716 nihil
1354 4641 1471 4716 adhuc
1485 4645 1647 4738 quidem,
1671 4644 1740 4714 nisi
1764 4646 1933 4725 acerrima
1955 4647 2145 4717 certamina
2171 4643 2236 4717 ha-

209 4758 436 4812 .’..........
506 4819 509 4825 ,
1244 4748 1346 4829 buit,
1367 4749 1411 4815 de
1430 4743 1601 4830 Geldria,
1625 4747 1670 4815 de
1684 4744 1955 4834 Brunsuicensi,
1980 4762 2015 4819 et
2039 4750 2083 4816 de
2106 4747 2236 4818 talibus

243 4913 272 4981 a)
292 4913 353 4964 uon
371 4929 446 4964 anna
469 4907 544 4963 rste.
564 4909 610 4963 aa
632 4925 704 4962 anno
721 4905 796 4962 rste.
818 4905 927 4976 serape.
953 4903 1025 4974 tta.
1048 4922 1091 4975 ep.
1113 4905 1138 4959 a.
1158 4903 1199 4961 ts.
1244 4851 1444 4966 d⁰m⁸⁵¹¹f¹⁵
1475 4861 1638 4936 ⁰⁰g⁰¹¹¹⁵‘
1668 4844 1907 4966 .C⁰.¹¹¹¹¹¹¹¹¹¹¹⁸
1940 4850 2036 4968 ΜΨ
2069 4844 2236 4940 E⁰¹⁰P³²

275 4981 356 5034 Febr.
372 4978 448 5034 tots.
1244 4963 1472 5043 postponitur
1494 4949 1599 5018 rebus
1623 4962 1782 5039 pr1vat1s.
1840 4947 1914 5021 Nec
1937 4974 2010 5022 surs
2031 4974 2094 5020 nec
2110 4945 2235 5022 Eccle-

1242 5117 1468 5132 ω

1277 5204 1304 5271 t)
1322 5200 1386 5255 Vid.
1400 5197 1477 5271 epist.
1490 5199 1518 5255 d.
1534 5198 1574 5253 ll.
1588 5197 1672 5253 Mart.
1691 5197 1766 5254 1⁵88.

1276 5282 1329 5356 **)
1346 5283 1418 5354 Ergo
1435 5300 1535 5338 novem
1550 5299 1645 5336 earum
1658 5282 1810 5353 perierunt3
1827 5298 1890 5334 nam
1910 5289 2018 5353 praeter
2036 5270 2105 5335 h'anc
2122 5279 2236 5349 nullam,

1312 5363 1385 5407 certe
1397 5369 1487 5418 nunc,
1502 5349 1634 5403 habemus
1650 5350 1728 5420 epist.
1744 5349 1853 5406 hoodie
1867 5360 1894 5404 et
1908 5367 1981 5404 anno
1996 5349 2134 5420 scriptam.

1278 5440 1305 5507 t)
1320 5438 1363 5492 De
1375 5432 1494 5494 comitiis
1507 5431 1671 5505 Norinberg·
1682 5432 1736 5489 vid.
1749 5433 1869 5493 Sleidan.
1881 5434 1916 5489 ad
1929 5453 1994 5490 ann.
2010 5433 2083 5490 tots
2097 5450 2125 5505 p·
2139 5433 2199 5489 419.
