4868 6420
193 343 270 418 825
768 340 1208 420 EPISTOLARUM

1267 341 1374 418 LlB.
1409 341 1474 418 lx,
1529 338 1661 418 1545.
2162 333 2235 418 824

194 524 270 592 lum
290 520 336 589 sit
358 531 555 610 peccatum,
580 532 725 608 propter
743 519 839 611 quod
859 513 946 589 haec
962 532 1082 589 nostra
1098 533 1188 590 tem·
1239 513 1336 594 Haec
1350 538 1558 597 aerumnosa
1574 511 1761 587 hominum
1777 533 1901 589 natura
1917 517 2095 611 premitur
2107 515 2235 606 ingen-

196 636 399 716 peramenta
415 645 511 692 nuuc
525 621 694 690 belluinis
708 620 839 689 similia
855 635 948 695 sunt.

300 814 360 888 Ad
380 812 471 885 hanc
499 829 617 886 autem
644 816 911 906 responsionem
943 817 1072 886 deinde
1104 813 1190 886 hacc

200 922 362 990 addenda
395 933 461 989 est:
495 943 540 987 ne
573 943 668 988 nunc
699 920 842 1011 quidem
876 918 994 987 stellas
1020 919 1190 988 scelerum

203 1045 323 1092 causas
346 1043 438 1100 esse,
463 1021 564 1112 quia,
590 1020 654 1089 etsi
677 1019 926 1091 inclinationes
941 1022 985 1089 ab
1004 1021 1053 1090 eis
1069 1021 1193 1090 oriun-

202 1138 280 1208 tur,
306 1138 423 1193 tamen
446 1118 530 1191 haec
551 1146 626 1191 non
640 1135 724 1191 sunt
744 1122 897 1212 integrae
914 1123 1091 1191 actionum
1109 1146 1193 1192 cau-

205 1248 278 1310 sae;
311 1227 368 1293 sed
395 1225 560 1293 voluntas
588 1225 771 1314 praecipua
798 1238 975 1292 causaest
1001 1226 1193 1303 actionum,

206 1351 296 1421 quae
313 1325 458 1418 quidem
481 1338 515 1394 et
536 1338 652 1414 potest
668 1338 702 1394 et
716 1326 821 1394 debet
836 1326 972 1395 frenare
990 1326 1195 1395 inclinatio-

120 1512 127 1523 .
205 1453 280 1502 nes.
317 1427 399 1496 Non
416 1427 508 1494 enim
525 1427 663 1496 fatalem
679 1427 917 1496 necessitatem
936 1427 1194 1510 constituimus,

207 1555 272 1600 nec
295 1530 372 1619 cogi
396 1527 574 1598 Neronem
596 1553 616 1596 a
637 1528 748 1598 stellis
773 1531 815 1597 ad
842 1542 938 1597 tauta
957 1531 1085 1598 scelera
1105 1530 1195 1598 dici-

208 1657 305 1716 mus,
339 1633 397 1699 sed
426 1630 606 1699 accersivit
624 1630 699 1720 ipse
724 1629 793 1699 sibi
816 1625 881 1699 hos
905 1632 1042 1699 furores
1060 1632 1194 1714 volens,

208 1749 242 1805 et
266 1733 508 1821 indulgentem
532 1732 783 1821 cupiditatibus
808 1732 918 1826 magis
941 1733 1120 1824 magisque
1138 1735 1195 1800 in-

207 1835 329 1906 citavit
345 1835 518 1902 diabolus.
549 1831 603 1902 Ac
617 1833 728 1903 multo
744 1834 783 1902 fit
797 1835 951 1902 deterior
964 1833 1071 1918 Nero,
1088 1861 1193 1929 quam

207 1937 348 2029 qualem
365 1949 510 2014 natura,
538 1935 698 2028 quamvis
713 1935 887 2020 inlausta,
913 1936 1071 2006 finxerat.

308 2117 412 2196 Nunc
439 2115 703 2205 responsionem
730 2118 773 2184 ad
797 2114 923 2187 Basilii
951 2134 1195 2215 argumentum

209 2223 307 2290 vides
332 2243 406 2288 non
428 2216 542 2284 levem
566 2220 941 2289 commonefactionem
964 2246 1037 2290 esse
1063 2223 1107 2291 de
1131 2247 1195 2290 no-

210 2325 290 2393 stris
305 2319 457 2389 miseriis
473 2332 507 2387 et
522 2318 614 2385 veris
629 2342 748 2387 earum
768 2323 892 2394 causis.

292 2554 295 2561 ·
311 2511 360 2583 At
376 2511 566 2595 obiiciunt:
592 2513 819 2601 paucissimas
838 2539 911 2583 esse
926 2515 1197 2586 demonstratio·

208 2641 272 2688 nes
287 2618 330 2684 de
346 2613 588 2683 effectionibus
604 2613 771 2683 siderum.
798 2616 957 2686 Socrates
975 2620 1018 2686 de
1032 2619 1198 2687 universa

207 2717 363 2791 humana
394 2716 565 2805 sapientia
596 2715 729 2807 inquit:
769 2710 934 2789 honrines
967 2728 1033 2787 aul
1062 2743 1197 2816 pauca,

208 2829 273 2892 aul
291 2812 393 2887 nihil
407 2815 520 2892 seim
545 2839 698 2908 quorum
715 2819 867 2900 alterum
879 2822 1006 2890 falsum
1021 2835 1083 2893 est.
1110 2821 1197 2891 Vult

209 2925 304 2995 euim
326 2924 413 2990 ‹lcus
434 2920 587 3011 aliquam
611 2913 857 2990 in'hominum
879 2925 1058 2992 mentibus
1080 2924 1195 2992 lucem

209 3049 283 3098 esse
306 3023 498 3114 reliquam,
540 3020 683 3090 notitias
712 3046 961 3110 numerorum,
994 3027 1197 3113 figurarum,

209 3131 326 3217 legum
360 3137 526 3201 naturae,
573 3117 735 3215 physicas
767 3126 908 3200 multas.
966 3124 1045 3196 Etsi
1078 3141 1195 3195 autem

209 3251 337 3317 magna
372 3237 423 3293 est
448 3223 634 3291 infirmitas
661 3218 836 3295 humanae
866 3230 993 3298 mentis
1021 3242 1056 3297 et
1085 3230 1196 3296 facilis

210 3326 441 3399 hallucinatio
462 3339 497 3394 et
519 3325 629 3393 multa
653 3339 782 3395 errata:
810 3342 925 3398 tamen
943 3331 1024 3398 illae
1039 3331 1196 3414 notitiae,

210 3455 300 3521 quae
325 3428 497 3497 divinitus
525 3438 738 3495 monstratae
766 3445 866 3513 sunt,
900 3456 974 3499 non
999 3446 1081 3501 sunt
1105 3434 1196 3500 abii-

208 3534 362 3604 ciendae.
413 3527 461 3597 Et
482 3527 633 3596 aliarum
656 3552 846 3618 paucarum
868 3534 1091 3618 notitiarum,
1116 3534 1195 3603 cuni

207 3648 300 3705 recte
331 3631 561 3713 evolvuntur,
595 3653 719 3718 magna
751 3646 802 3702 est
829 3634 1045 3724 amplitudo;
1086 3651 1124 3706 ut
1157 3638 1194 3704 in

209 3735 356 3823 singulis
373 3733 506 3800 artibus
522 3732 710 3819 prudentes
725 3734 872 3802 artifices
887 3761 1011 3825 magna
1028 3762 1107 3806 cum
1132 3741 1195 3806 ad-

207 3824 395 3905 miratione
416 3834 557 3900 divinae
581 3831 772 3921 sapientiae
792 3836 1088 3911 animadvertunt.
1143 3839 1193 3908 lta
1225 3926 1227 3929 ι

208 3940 320 4007 fateor·
339 3938 387 4003 de
407 3931 652 4002 effectionibus
674 3934 856 4004 stellarum
887 3963 1013 4027 paneas
1037 3965 1109 4008 esse
1133 3944 1192 4007 de-

208 4037 489 4108 monstrationes.
542 4033 609 4104 Sed
637 4048 752 4104 tameu
774 4034 891 4107 exhis
915 4041 1017 4130 ipsis,
1047 4044 1076 4109 si
1095 4044 1193 4110 evol-

206 4155 352 4217 vantur,
380 4139 407 4205 si
423 4139 542 4205 dextre
560 4147 593 4203 et
609 4137 801 4224 prudenter
815 4142 860 4207 ad
874 4141 980 4210 vitam
995 4169 1192 4213 accommo-

207 4245 353 4324 dentur,
378 4240 481 4308 valde
495 4237 605 4306 multa
622 4237 776 4307 iudicare
795 4257 951 4331 possunt.

307 4441 355 4539 At
371 4465 472 4533 saepe
488 4440 662 4524 fallimur,
685 4443 822 4533 saepius
837 4445 941 4513 etiam
958 4472 1065 4539 quam
1081 4451 1119 4519 in
1137 4477 1192 4521 ce-

204 4546 289 4618 teris
306 4547 449 4613 artibus.
501 4540 630 4611 Fateor
660 4538 727 4612 hoc
756 4568 907 4636 quoque.
967 4548 1039 4618 Nec
1074 4566 1191 4623 tamen

204 4673 260 4718 ars
276 4646 374 4716 nulla
399 4657 459 4715 est.
511 4641 608 4731 Quid
630 4658 680 4712 est
696 4646 791 4713 enirn
813 4647 1191 4740 familiariushomini,

205 4774 310 4843 quam
336 4742 546 4814 hallucinari
570 4769 609 4813 ac
634 4746 777 4814 errare?
828 4746 896 4818 Sed
913 4767 1056 4823 manent
1072 4768 1189 4824 tamen

204 4853 341 4944 aliquae
364 4871 467 4916 verae
489 4847 653 4929 notitiae,
684 4871 771 4940 quas
794 4850 854 4916 alii
876 4853 1005 4943 magis,
1036 4856 1097 4924 alii
1121 4859 1190 4926 mi-

203 4975 270 5023 nus
291 4952 410 5019 dextre
433 4951 475 5017 ad
499 4973 554 5030 ea,
581 4949 624 5015 de
645 4950 774 5041 quibus
790 4950 966 5037 iudicant,
994 4979 1190 5029 accommo-

202 5057 304 5137 dant3
332 5064 365 5119 et
387 5052 430 5119 de
451 5050 579 5120 futuris
605 5052 709 5118 rebus
730 5051 834 5121 etiam
859 5078 967 5142 pauca
991 5061 1189 5150 prospicere

202 5170 236 5226 et
256 5154 362 5235 utile,
389 5166 423 5221 et
443 5175 609 5241 magnum
635 5164 697 5225 est.
746 5150 819 5222 Nec
845 5181 988 5246 prorsus
1012 5160 1055 5229 de
1073 5157 1187 5233 nihilo

201 5258 354 5326 dictumz
875 5267 889 5279 “

243 5403 303 5481 Qui
326 5401 423 5481 sapit,
442 5401 495 5464 ille
516 5402 649 5466 animum
670 5404 810 5466 fortunae
829 5416 991 5486 praeparat
1015 5409 1121 5490 omni‚.

282 5488 514 5569 Praevisumque
536 5499 636 5569 potest
657 5500 721 5552 erte
745 5490 844 5554 lesere
866 5493 988 5556 malam.

1241 618 1335 687 tibus
1359 620 1530 704 miseriis,
1555 621 1669 689 multo
1695 621 1877 712 pluribus,
1903 645 2008 714 quam
2030 641 2119 712 quas
2143 632 2232 688 astra

1241 719 1469 795 denunciant.
1521 720 1603 791 Non
1623 722 1732 811 igitur
1747 746 1956 816 quaeramus
1971 713 2234 813 philosophiam

1242 815 1453 904 humanam,
1480 848 1569 916 quae
1591 825 1745 916 depellat
1766 825 1886 893 omnia
1903 824 2059 916 pericula
2075 837 2110 892 et
2135 821 2238 907 mala,

1242 924 1333 993 sicut
1355 948 1420 992 nec
1440 949 1535 993 mors
1560 926 1639 995 tolli
1661 927 1895 997 medicatione
1915 939 2048 1018 potest,
2073 925 2150 992 imo
2177 947 2236 993 nee

1242 1025 1360 1093 morbi
1381 1050 1504 1094 omnes
1521 1029 1606 1118 pelli
1621 1042 1762 1119 posunt

1343 1184 1605 1278 Agnoscamus,
1633 1215 1700 1262 nos
1731 1216 1804 1262 esse
1836 1216 1984 1262 massam
2016 1191 2171 1284 peccati,
2199 1215 2234 1261 ac

1245 1305 1389 1380 propter
1411 1293 1500 1361 iram
1529 1294 1587 1361 dei
1611 1295 1769 1383 singulos
1794 1309 1828 1363 et
1850 1318 1980 1386 poenas
2010 1293 2236 1385 propriorum

1244 1393 1407 1482 lapsuum
1430 1395 1521 1463 serre
1545 1408 1578 1462 et
1601 1398 1823 1485 publicarum
1840 1397 2064 1466 miseriarum
2078 1395 2235 1465 sosietate

1244 1494 1353 1567 feriri.
1402 1491 1450 1565 Et
1464 1509 1581 1564 tamen
1599 1521 1678 1566 cum
1697 1499 1830 1585 accedit
1844 1499 1976 1588 agnitio
1993 1522 2076 1567 vera
2093 1497 2160 1565 lilii
2175 1497 2235 1581 dei,

1248 1596 1387 1664 domini
1410 1598 1522 1667 nostri
1545 1595 1624 1666 Iesu
1641 1593 1793 1682 Christi,
1816 1600 2042 1691 experientur
2056 1623 2091 1667 se
2111 1598 2235 1688 praesi-

1247 1698 1305 1765 dia
1322 1699 1416 1766 vitae
1432 1700 1565 1767 maiora
1581 1694 1726 1783 habere,
1753 1726 1857 1794 quam
1876 1701 1907 1770 si
1923 1699 2046 1771 Croesi
2061 1724 2166 1791 opes,
2185 1724 2236 1770 ar·

1247 1823 1302 1869 ces
1317 1813 1351 1868 et
1365 1800 1537 1869 exercitus
1557 1795 1739 1871 haberent,
1756 1856 1760 1865 .

1347 1961 1421 2032 Nec
1447 1964 1595 2033 omniuo
1617 1989 1739 2034 verum
1767 1982 1817 2036 est
1834 1963 1982 2034 Pindari
1999 1965 2157 2050 dictum,
2179 1967 2237 2057 qui

1249 2058 1412 2158 physicos
1437 2067 1487 2134 ait
1507 2061 1655 2159 δρέπειν
1671 2063 1780 2160 ἀτελῆ
1797 2062 1943 2162 καρπὸν
1958 2061 2109 2162 σοφίας.
2160 2064 2235 2136 Νοιι

1249 2190 1385 2258 semper
1401 2168 1622 2256 opitulantur
1636 2182 1736 2240 artes.
1770 2168 1846 2237 lmo
1865 2170 1976 2238 multa
1992 2183 2078 2238 sunt
2096 2169 2136 2236 iu
2148 2168 2237 2236 mul-

1249 2268 1293 2338 tis
1318 2269 1472 2354 artibus,
1503 2270 1663 2337 nondum
1689 2269 1772 2339 satis
1794 2272 1974 2360 patefacta.
2032 2268 2237 2339 Fruendum

1250 2382 1301 2455 est
1322 2383 1440 2438 tamen
1461 2394 1501 2439 ea
1519 2371 1700 2453 doctrina,
1726 2390 1832 2464 quam
1853 2374 1938 2440 deus
1951 2384 1988 2440 et
2007 2372 2185 2463 conspici,
2208 2384 2238 2440 et

1250 2471 1506 2540 adminiculum
1521 2472 1667 2564 aliquod
1681 2473 1772 2543 vitae
1789 2497 1861 2542 esse
1879 2474 2011 2544 voluit

1348 2629 1441 2704 Cum
1463 2633 1571 2724 igitur
1590 2631 1677 2706 haec
1698 2634 1890 2705 divinatrix
1910 2635 1956 2705 sit
1970 2631 2122 2730 physica
2138 2660 2237 2730 quae-

1250 2734 1332 2803 dam
1349 2749 1707 2826 temperamentorum
1723 2751 1758 2807 et
1772 2738 2048 2808 inclinationum
2067 2733 2240 2808 humana-

1249 2859 1330 2904 rum
1350 2839 1503 2928 aspectio
1526 2851 1559 2909 et
1584 2861 1767 2910 causarum
1780 2840 1994 2910 ‘coelestium
2011 2840 2179 2924 collatio,
2203 2864 2240 2908 ex

1249 2962 1332 3007 vera
1355 2939 1568 3031 experientia
1591 2954 1762 3011 exstructa
1779 2966 1834 3011 ars
1851 2955 1921 3026 est,
1948 2955 1981 3010 et
1995 2965 2185 3024 concessa,
2209 2954 2239 3011 et

1249 3065 1318 3132 qua
1339 3041 1453 3109 bonae
1474 3053 1609 3112 mentes
1631 3045 1722 3113 bene
1753 3044 1806 3113 uti
1830 3056 1994 3133 possunt,
2026 3057 2069 3112 ut
2098 3044 2238 3112 medicis

1249 3142 1562 3237 praedictionibus.
1630 3143 1714 3215 ldeo
1738 3146 1825 3215 utile
1840 3159 1918 3228 est,
1952 3145 2125 3237 reliquias
2148 3157 2236 3213 vete-

1249 3268 1329 3312 rum
1351 3246 1561 3336 scriptorum
1584 3247 1621 3313 in
1644 3243 1712 3316 hoc
1735 3270 1861 3336 genere
1885 3247 2026 3318 servari.
2081 3245 2138 3316 Ac
2154 3240 2237 3314 mihi

1249 3344 1462 3415 clarissimus
1495 3349 1551 3414 vir
1578 3342 1742 3417 Ioannes
1771 3341 1997 3432 Salonam,
2041 3373 2152 3440 quem
2181 3370 2238 3438 ego

1250 3471 1357 3536 paene
1377 3448 1491 3517 solum
1508 3443 1574 3516 hac
1591 3463 1710 3520 nostra
1730 3442 1839 3522 aetate
1855 3450 2023 3517 artificem
2042 3450 2079 3516 iu
2099 3444 2169 3519 hoc
2184 3472 2241 3540 ge-

1250 3572 1332 3615 nere
1354 3573 1447 3628 esse,
1480 3571 1560 3616 vere
1587 3553 1793 3621 confirmare
1816 3575 1977 3642 possum,
2012 3552 2236 3620 utilissimam

1248 3675 1390 3739 operam
1417 3651 1629 3741 praestitisse
1651 3655 1808 3737 videtur,
1830 3656 1923 3745 quod
1951 3666 1985 3721 et
2007 3654 2054 3721 ab
2070 3654 2157 3722 aliis
2173 3668 2235 3723 tm-

1248 3753 1339 3834 dita,
1366 3768 1399 3822 et
1421 3776 1440 3820 a
1461 3777 1497 3820 se
1522 3753 1628 3841 longo
1644 3779 1712 3831 usu
1728 3757 1910 3824 observata
1927 3755 1963 3820 in
1980 3778 2096 3824 unum
2116 3778 2236 3844 corpus

1248 3855 1371 3941 coe'git,
1387 3868 1421 3924 et
1437 3869 1603 3946 tanquam
1614 3857 1797 3946 dissipatas
1811 3856 1960 3924 aedilicii
1979 3870 2098 3945 partes
2124 3858 2238 3927 bellis·

1246 3955 1333 4022 sime
1355 3958 1539 4040 exstruxit,
1565 3971 1604 4025 ut
1627 3971 1699 4028 tota
1726 3982 1781 4028 ars
1803 3959 1879 4026 sine
1901 3957 2028 4046 magno
2052 3962 2236 4048 negotioa

1245 4057 1411 4126 studiosis
1427 4059 1577 4147 perdisci
1593 4062 1710 4150 possit.
1761 4057 1840 4130 Etsi
1857 4060 1970 4142 enim,
1987 4073 2028 4129 ut
2046 4061 2160 4144 solet,
2175 4061 2238 4129 alia

1245 4173 1426 4249 praecepta
1445 4159 1522 4225 aliis
1537 4174 1620 4230 suut
1636 4163 1810 4247 firmiora,
1832 4176 1947 4231 tamen
1964 4165 2165 4251 prudentes
2181 4166 2236 4232 de·

1245 4260 1373 4329 lectum
1405 4256 1573 4330 adhibere
1596 4277 1773 4351 potemut.
1833 4261 1904 4331 Nec
1932 4287 1993 4330 sna
2024 4265 2134 4333 laude
2161 4267 2235 4334 idco

1245 4356 1452 4431 Schonerus
1473 4363 1605 4453 privari
1629 4367 1749 4449 debet,
1775 4365 1835 4456 qui
1861 4365 1994 4452 insigni
2015 4359 2084 4434 hoc
2099 4391 2168 4437 suo
2190 4368 2236 4436 la-

1245 4467 1329 4535 bore
1344 4466 1380 4533 id
1398 4464 1486 4552 egit,
1513 4490 1556 4532 ne
1573 4465 1629 4535 ars
1648 4481 1718 4536 tota
1736 4480 1769 4535 et
1783 4491 1908 4555 magna
1927 4490 2006 4556 pars
2021 4492 2129 4537 verae
2147 4464 2235 4564 phy·

1244 4568 1330 4637 sices
1345 4566 1516 4639 interiret.
1535 4567 1538 4572 ’
1553 4565 1648 4637 llaec
1666 4569 1775 4658 igitur
1790 4568 1903 4653 bonis,
1917 4570 2097 4650 studiosis,
2115 4596 2231 4642 amau·

1243 4670 1338 4740 tibus
1353 4664 1598 4761 philosophiae
1623 4683 1656 4738 et
1669 4671 1855 4766 universae
1870 4671 2072 4755 doctrinae,
2098 4675 2146 4742 de
2162 4699 2232 4744 mo-

1243 4772 1338 4841 tibus
1353 4784 1387 4838 et
1401 4768 1581 4839 effectibus
1597 4773 1804 4843 coelestibus
1821 4774 1985 4854 eduntur.
2038 4771 2090 4852 Hi
2107 4775 2233 4866 legant,

1243 4886 1277 4942 et
1298 4896 1370 4942 sese
1393 4873 1436 4939 ad
1463 4897 1618 4941 amorem
1641 4875 1802 4943 omnium
1825 4875 1999 4943 bonarum
2022 4876 2179 4963 artium,
2203 4891 2234 4948 et

1242 4977 1287 5044 ad
1313 4975 1561 5062 cogitationem
1586 4977 1628 5043 de
1654 4975 1802 5044 diversis
1824 4977 1934 5046 causis
1957 4977 2144 5047 actionum
2169 4975 2233 5050 hu·

1242 5100 1426 5145 manarum
1443 5088 1476 5142 et
1492 5077 1534 5143 de
1550 5090 1621 5144 tota
1636 5078 1890 5165 gubernatione
1902 5079 1993 5147 vitae
2007 5081 2233 5166 exsuscitent,

1242 5193 1294 5263 et,
1323 5192 1468 5247 naturae
1498 5178 1738 5247 infirmitatem
1769 5182 2070 5270 contemplantes,
2108 5187 2233 5254 confu-

1241 5281 1342 5369 giunt
1369 5280 1414 5347 ad
1436 5280 1560 5361 deum,
1593 5295 1774 5351 aeternum
1800 5296 1933 5370 patrem
1955 5284 2097 5352 domini
2119 5285 2234 5358 nostri

1242 5380 1321 5451 Iesu
1341 5375 1492 5464 Christi,
1527 5395 1561 5449 et
1589 5376 1694 5450 huius
1717 5383 1920 5452 mediatoris
1943 5383 2076 5456 fiducia
2103 5401 2235 5480 petant,

1240 5497 1282 5554 ut
1293 5482 1465 5553 divinitus
1482 5505 1645 5571 regamur
1659 5498 1693 5554 et
1709 5484 1951 5556 defendamur.
