<?xml version="1.0" encoding="UTF-8"?>
<!DOCTYPE html PUBLIC "-//W3C//DTD XHTML 1.0 Transitional//EN"
    "http://www.w3.org/TR/xhtml1/DTD/xhtml1-transitional.dtd">
<html xmlns="http://www.w3.org/1999/xhtml" xml:lang="en" lang="en">
 <head>
  <title>
</title>
<meta http-equiv="Content-Type" content="text/html;charset=utf-8" />
  <meta name='ocr-system' content='tesseract 3.04.00' />
  <meta name='ocr-capabilities' content='ocr_page ocr_carea ocr_par ocr_line ocrx_word'/>
</head>
<body>
  <div class='ocr_page' id='page_1' title='image "./philippimelanth13melagoog/philippimelanth13melagoog_0115.png"; bbox 0 0 4868 6420; ppageno 0'>
   <div class='ocr_carea' id='block_1_1' title="bbox 103 319 2133 419">
    <p class='ocr_par' dir='ltr' id='par_1_1' title="bbox 103 319 2133 419">
     <span class='ocr_line' id='line_1_1' title="bbox 103 319 2133 419; baseline -0.003 -3"><span class='ocrx_word' id='word_1_1' title='bbox 103 341 177 419; x_wconf 81' lang='lat' dir='ltr'>sse</span> <span class='ocrx_word' id='word_1_2' title='bbox 683 336 1112 414; x_wconf 78' lang='lat' dir='ltr'>amsrocasuu</span> <span class='ocrx_word' id='word_1_3' title='bbox 1163 336 1363 412; x_wconf 75' lang='lat' dir='ltr'>utn1x.</span> <span class='ocrx_word' id='word_1_4' title='bbox 1417 319 1546 415; x_wconf 76' lang='lat'>1543.</span> <span class='ocrx_word' id='word_1_5' title='bbox 2059 340 2133 412; x_wconf 85' lang='lat'>19⁰</span> 
     </span>
    </p>
   </div>
   <div class='ocr_carea' id='block_1_2' title="bbox 99 503 2182 1011">
    <p class='ocr_par' dir='ltr' id='par_1_2' title="bbox 99 503 2182 1011">
     <span class='ocr_line' id='line_1_2' title="bbox 99 503 2134 606; baseline -0.003 -24"><span class='ocrx_word' id='word_1_6' title='bbox 99 534 159 582; x_wconf 86' lang='lat' dir='ltr'>me</span> <span class='ocrx_word' id='word_1_7' title='bbox 173 523 270 596; x_wconf 87' lang='lat' dir='ltr'>tuae,</span> <span class='ocrx_word' id='word_1_8' title='bbox 294 534 385 604; x_wconf 80' lang='lat' dir='ltr'>quae</span> <span class='ocrx_word' id='word_1_9' title='bbox 400 511 544 605; x_wconf 88' lang='lat' dir='ltr'>quidem</span> <span class='ocrx_word' id='word_1_10' title='bbox 558 506 651 582; x_wconf 89' lang='lat' dir='ltr'>mihi</span> <span class='ocrx_word' id='word_1_11' title='bbox 668 511 801 606; x_wconf 91' lang='lat' dir='ltr'>alioqui</span> <span class='ocrx_word' id='word_1_12' title='bbox 818 511 1093 603; x_wconf 80' lang='lat' dir='ltr'>perspectissime</span> <span class='ocrx_word' id='word_1_13' title='bbox 1145 504 1330 582; x_wconf 83' lang='lat' dir='ltr'>Ecclesias.</span> <span class='ocrx_word' id='word_1_14' title='bbox 1390 503 1637 605; x_wconf 58' lang='lat' dir='ltr'>Iohannem)</span> <span class='ocrx_word' id='word_1_15' title='bbox 1665 511 1833 580; x_wconf 90' lang='lat' dir='ltr'>idoneum</span> <span class='ocrx_word' id='word_1_16' title='bbox 1859 508 1977 580; x_wconf 89' lang='lat' dir='ltr'>iudico</span> <span class='ocrx_word' id='word_1_17' title='bbox 1999 508 2042 579; x_wconf 92' lang='lat' dir='ltr'>ad</span> <span class='ocrx_word' id='word_1_18' title='bbox 2066 508 2134 578; x_wconf 87' lang='lat' dir='ltr'>‹lo-</span> 
     </span>
     <span class='ocr_line' id='line_1_3' title="bbox 99 609 2134 702; baseline -0.004 -15"><span class='ocrx_word' id='word_1_19' title='bbox 99 627 165 687; x_wconf 80' lang='lat' dir='ltr'>est.</span> <span class='ocrx_word' id='word_1_20' title='bbox 212 611 282 683; x_wconf 86' lang='lat' dir='ltr'>Sed</span> <span class='ocrx_word' id='word_1_21' title='bbox 300 613 450 683; x_wconf 89' lang='lat' dir='ltr'>lectione</span> <span class='ocrx_word' id='word_1_22' title='bbox 469 626 586 683; x_wconf 89' lang='lat' dir='ltr'>tamen</span> <span class='ocrx_word' id='word_1_23' title='bbox 605 615 665 684; x_wconf 91' lang='lat' dir='ltr'>illa</span> <span class='ocrx_word' id='word_1_24' title='bbox 682 614 899 697; x_wconf 88' lang='lat' dir='ltr'>delectabar,</span> <span class='ocrx_word' id='word_1_25' title='bbox 926 637 1007 681; x_wconf 92' lang='lat' dir='ltr'>cum</span> <span class='ocrx_word' id='word_1_26' title='bbox 1023 611 1095 680; x_wconf 89' lang='lat' dir='ltr'>sol·</span> <span class='ocrx_word' id='word_1_27' title='bbox 1146 612 1292 680; x_wconf 86' lang='lat' dir='ltr'>cendam</span> <span class='ocrx_word' id='word_1_28' title='bbox 1309 611 1540 688; x_wconf 84' lang='lat' dir='ltr'>iuventutem.</span> <span class='ocrx_word' id='word_1_29' title='bbox 1589 609 1654 682; x_wconf 87' lang='lat' dir='ltr'>Est</span> <span class='ocrx_word' id='word_1_30' title='bbox 1676 613 1770 681; x_wconf 90' lang='lat' dir='ltr'>enim</span> <span class='ocrx_word' id='word_1_31' title='bbox 1793 610 1954 702; x_wconf 79' lang='lat' dir='ltr'>doctus⁴)</span> <span class='ocrx_word' id='word_1_32' title='bbox 1977 625 2010 680; x_wconf 95' lang='lat' dir='ltr'>et</span> <span class='ocrx_word' id='word_1_33' title='bbox 2031 610 2134 679; x_wconf 81' lang='lat' dir='ltr'>valde</span> 
     </span>
     <span class='ocr_line' id='line_1_4' title="bbox 99 707 2182 806; baseline -0.003 -21"><span class='ocrx_word' id='word_1_34' title='bbox 99 713 323 785; x_wconf 89' lang='lat' dir='ltr'>licitudinem</span> <span class='ocrx_word' id='word_1_35' title='bbox 348 727 444 783; x_wconf 89' lang='lat' dir='ltr'>tuam</span> <span class='ocrx_word' id='word_1_36' title='bbox 467 715 612 806; x_wconf 88' lang='lat' dir='ltr'>exponis</span> <span class='ocrx_word' id='word_1_37' title='bbox 635 716 679 784; x_wconf 91' lang='lat' dir='ltr'>de</span> <span class='ocrx_word' id='word_1_38' title='bbox 700 738 777 784; x_wconf 89' lang='lat' dir='ltr'>mea</span> <span class='ocrx_word' id='word_1_39' title='bbox 798 712 1094 806; x_wconf 89' lang='lat' dir='ltr'>peregrinatione.</span> <span class='ocrx_word' id='word_1_40' title='bbox 1146 711 1221 781; x_wconf 88' lang='lat' dir='ltr'>eius</span> <span class='ocrx_word' id='word_1_41' title='bbox 1238 712 1583 797; x_wconf 89' lang='lat' dir='ltr'>oratiouedelector,</span> <span class='ocrx_word' id='word_1_42' title='bbox 1616 737 1765 805; x_wconf 90' lang='lat' dir='ltr'>eumque</span> <span class='ocrx_word' id='word_1_43' title='bbox 1786 707 1946 781; x_wconf 72' lang='lat' dir='ltr'><strong>hortatus</strong></span> <span class='ocrx_word' id='word_1_44' title='bbox 1967 733 2134 781; x_wconf 90' lang='lat' dir='ltr'>sumnon</span> <span class='ocrx_word' id='word_1_45' title='bbox 2179 710 2182 717; x_wconf 80' lang='grc'>’</span> 
     </span>
     <span class='ocr_line' id='line_1_5' title="bbox 100 808 2134 905; baseline -0.005 -17"><span class='ocrx_word' id='word_1_46' title='bbox 100 813 275 888; x_wconf 83' lang='lat' dir='ltr'>Rixarum</span> <span class='ocrx_word' id='word_1_47' title='bbox 297 814 350 882; x_wconf 93' lang='lat' dir='ltr'>ibi</span> <span class='ocrx_word' id='word_1_48' title='bbox 372 815 456 884; x_wconf 89' lang='lat' dir='ltr'>satis</span> <span class='ocrx_word' id='word_1_49' title='bbox 480 809 932 886; x_wconf 84' lang='lat' dir='ltr'>etfuitetadhucestcum</span> <span class='ocrx_word' id='word_1_50' title='bbox 949 810 1094 884; x_wconf 91' lang='lat' dir='ltr'>homine</span> <span class='ocrx_word' id='word_1_51' title='bbox 1145 813 1261 882; x_wconf 89' lang='lat' dir='ltr'>solum</span> <span class='ocrx_word' id='word_1_52' title='bbox 1300 816 1344 882; x_wconf 92' lang='lat' dir='ltr'>ad</span> <span class='ocrx_word' id='word_1_53' title='bbox 1379 808 1470 883; x_wconf 88' lang='lat' dir='ltr'>hauc</span> <span class='ocrx_word' id='word_1_54' title='bbox 1504 814 1744 884; x_wconf 90' lang='lat' dir='ltr'>conditionem</span> <span class='ocrx_word' id='word_1_55' title='bbox 1778 813 2035 905; x_wconf 89' lang='lat' dir='ltr'>accipiendam,</span> <span class='ocrx_word' id='word_1_56' title='bbox 2074 813 2134 880; x_wconf 79' lang='lat' dir='ltr'>secl</span> 
     </span>
     <span class='ocr_line' id='line_1_6' title="bbox 103 907 2136 1011; baseline -0.004 -23"><span class='ocrx_word' id='word_1_57' title='bbox 103 910 304 1008; x_wconf 87' lang='lat' dir='ltr'>Sophistico</span> <span class='ocrx_word' id='word_1_58' title='bbox 331 907 541 1011; x_wconf 83' lang='lat' dir='ltr'>Groppero,</span> <span class='ocrx_word' id='word_1_59' title='bbox 584 940 689 1009; x_wconf 89' lang='lat' dir='ltr'>quem</span> <span class='ocrx_word' id='word_1_60' title='bbox 717 912 920 1010; x_wconf 87' lang='lat' dir='ltr'>Sphyngem</span> <span class='ocrx_word' id='word_1_61' title='bbox 948 917 1092 985; x_wconf 87' lang='lat' dir='ltr'>alteram</span> <span class='ocrx_word' id='word_1_62' title='bbox 1145 914 1316 983; x_wconf 89' lang='lat' dir='ltr'>etiamad</span> <span class='ocrx_word' id='word_1_63' title='bbox 1339 909 1436 984; x_wconf 91' lang='lat' dir='ltr'>huuc</span> <span class='ocrx_word' id='word_1_64' title='bbox 1459 916 1658 986; x_wconf 89' lang='lat' dir='ltr'>studiorum</span> <span class='ocrx_word' id='word_1_65' title='bbox 1680 938 1839 999; x_wconf 87' lang='lat' dir='ltr'>cursum,</span> <span class='ocrx_word' id='word_1_66' title='bbox 1874 939 1978 1006; x_wconf 91' lang='lat' dir='ltr'>quem</span> <span class='ocrx_word' id='word_1_67' title='bbox 2000 914 2136 1001; x_wconf 89' lang='lat' dir='ltr'>ingres·</span> 
     </span>
    </p>
   </div>
   <div class='ocr_carea' id='block_1_3' title="bbox 101 1014 1095 1716">
    <p class='ocr_par' dir='ltr' id='par_1_3' title="bbox 101 1014 1095 1716">
     <span class='ocr_line' id='line_1_7' title="bbox 102 1014 1094 1108; baseline 0.002 -22"><span class='ocrx_word' id='word_1_68' title='bbox 102 1017 220 1087; x_wconf 83' lang='lat' dir='ltr'>dicere</span> <span class='ocrx_word' id='word_1_69' title='bbox 234 1016 360 1107; x_wconf 87' lang='lat' dir='ltr'>possis.</span> <span class='ocrx_word' id='word_1_70' title='bbox 409 1014 480 1087; x_wconf 86' lang='lat' dir='ltr'>Sed</span> <span class='ocrx_word' id='word_1_71' title='bbox 495 1017 635 1108; x_wconf 87' lang='lat' dir='ltr'>corpori</span> <span class='ocrx_word' id='word_1_72' title='bbox 651 1042 728 1087; x_wconf 91' lang='lat' dir='ltr'>meo</span> <span class='ocrx_word' id='word_1_73' title='bbox 745 1015 838 1085; x_wconf 88' lang='lat' dir='ltr'>nihil</span> <span class='ocrx_word' id='word_1_74' title='bbox 853 1017 1001 1108; x_wconf 88' lang='lat' dir='ltr'>periculi</span> <span class='ocrx_word' id='word_1_75' title='bbox 1016 1017 1094 1088; x_wconf 90' lang='lat' dir='ltr'>fuit.</span> 
     </span>
     <span class='ocr_line' id='line_1_8' title="bbox 101 1111 1094 1212; baseline -0.002 -24"><span class='ocrx_word' id='word_1_76' title='bbox 101 1114 151 1188; x_wconf 85' lang='lat' dir='ltr'>Et</span> <span class='ocrx_word' id='word_1_77' title='bbox 165 1115 240 1187; x_wconf 91' lang='lat' dir='ltr'>Deo</span> <span class='ocrx_word' id='word_1_78' title='bbox 258 1140 363 1207; x_wconf 85' lang='lat' dir='ltr'>curae</span> <span class='ocrx_word' id='word_1_79' title='bbox 383 1130 466 1185; x_wconf 92' lang='lat' dir='ltr'>sunt</span> <span class='ocrx_word' id='word_1_80' title='bbox 486 1116 694 1206; x_wconf 80' lang='lat' dir='ltr'>Legationes</span> <span class='ocrx_word' id='word_1_81' title='bbox 717 1132 869 1192; x_wconf 89' lang='lat' dir='ltr'>nostrae.</span> <span class='ocrx_word' id='word_1_82' title='bbox 903 1111 1094 1212; x_wconf 78' lang='grc' dir='ltr'><em>πρεσβείαι</em></span> 
     </span>
     <span class='ocr_line' id='line_1_9' title="bbox 102 1210 1030 1316; baseline -0.001 -25"><span class='ocrx_word' id='word_1_83' title='bbox 102 1215 200 1316; x_wconf 75' lang='grc' dir='ltr'><strong><em>ἱεραί</em></strong></span> <span class='ocrx_word' id='word_1_84' title='bbox 214 1218 293 1289; x_wconf 79' lang='lat' dir='ltr'>sios.</span> <span class='ocrx_word' id='word_1_85' title='bbox 318 1210 480 1309; x_wconf 80' lang='grc' dir='ltr'><strong><em>μάλιστα</em></strong></span> <span class='ocrx_word' id='word_1_86' title='bbox 496 1213 535 1289; x_wconf 83' lang='lat' dir='ltr'>d&#39;</span> <span class='ocrx_word' id='word_1_87' title='bbox 555 1218 594 1290; x_wconf 78' lang='grc' dir='ltr'>αἳ</span> <span class='ocrx_word' id='word_1_88' title='bbox 609 1213 703 1315; x_wconf 74' lang='grc' dir='ltr'>ὑπὲρ</span> <span class='ocrx_word' id='word_1_89' title='bbox 718 1222 787 1292; x_wconf 86' lang='grc' dir='ltr'>τοῦ</span> <span class='ocrx_word' id='word_1_90' title='bbox 801 1215 1030 1316; x_wconf 73' lang='grc' dir='ltr'><em>εὐαγγελίου.</em></span> 
     </span>
     <span class='ocr_line' id='line_1_10' title="bbox 205 1317 1095 1414; baseline -0.006 -23"><span class='ocrx_word' id='word_1_91' title='bbox 205 1317 338 1410; x_wconf 86' lang='lat' dir='ltr'>Scripsi</span> <span class='ocrx_word' id='word_1_92' title='bbox 361 1320 406 1387; x_wconf 91' lang='lat' dir='ltr'>ad</span> <span class='ocrx_word' id='word_1_93' title='bbox 429 1333 588 1389; x_wconf 89' lang='lat' dir='ltr'>senatum</span> <span class='ocrx_word' id='word_1_94' title='bbox 605 1335 758 1391; x_wconf 90' lang='lat' dir='ltr'>vestrum</span> <span class='ocrx_word' id='word_1_95' title='bbox 775 1345 840 1412; x_wconf 89' lang='lat' dir='ltr'>pro</span> <span class='ocrx_word' id='word_1_96' title='bbox 855 1317 1095 1414; x_wconf 78' lang='lat' dir='ltr'>Hieronymo,</span> 
     </span>
     <span class='ocr_line' id='line_1_11' title="bbox 101 1417 1094 1494; baseline -0.002 -4"><span class='ocrx_word' id='word_1_97' title='bbox 101 1419 177 1490; x_wconf 85' lang='lat' dir='ltr'>filio</span> <span class='ocrx_word' id='word_1_98' title='bbox 193 1420 264 1489; x_wconf 90' lang='lat' dir='ltr'>mei</span> <span class='ocrx_word' id='word_1_99' title='bbox 279 1419 443 1494; x_wconf 89' lang='lat' dir='ltr'>ministri.</span> <span class='ocrx_word' id='word_1_100' title='bbox 496 1417 619 1491; x_wconf 90' lang='lat' dir='ltr'>ludico</span> <span class='ocrx_word' id='word_1_101' title='bbox 642 1424 896 1492; x_wconf 80' lang='lat' dir='ltr'><strong>adolescentem</strong></span> <span class='ocrx_word' id='word_1_102' title='bbox 919 1422 1015 1491; x_wconf 91' lang='lat' dir='ltr'>bono</span> <span class='ocrx_word' id='word_1_103' title='bbox 1038 1421 1094 1489; x_wconf 93' lang='lat' dir='ltr'>in-</span> 
     </span>
     <span class='ocr_line' id='line_1_12' title="bbox 103 1521 1094 1616; baseline 0 -27"><span class='ocrx_word' id='word_1_104' title='bbox 103 1521 208 1612; x_wconf 89' lang='lat' dir='ltr'>genio</span> <span class='ocrx_word' id='word_1_105' title='bbox 230 1521 428 1612; x_wconf 88' lang='lat' dir='ltr'>praeditum</span> <span class='ocrx_word' id='word_1_106' title='bbox 451 1544 542 1610; x_wconf 88' lang='lat' dir='ltr'>esse,</span> <span class='ocrx_word' id='word_1_107' title='bbox 575 1537 611 1593; x_wconf 94' lang='lat' dir='ltr'>et</span> <span class='ocrx_word' id='word_1_108' title='bbox 632 1525 788 1616; x_wconf 88' lang='lat' dir='ltr'>prolecto</span> <span class='ocrx_word' id='word_1_109' title='bbox 808 1525 846 1591; x_wconf 93' lang='lat' dir='ltr'>in</span> <span class='ocrx_word' id='word_1_110' title='bbox 870 1523 981 1592; x_wconf 88' lang='lat' dir='ltr'>literis</span> <span class='ocrx_word' id='word_1_111' title='bbox 1003 1524 1094 1591; x_wconf 88' lang='lat' dir='ltr'>bene</span> 
     </span>
     <span class='ocr_line' id='line_1_13' title="bbox 102 1621 1094 1716; baseline -0.003 -24"><span class='ocrx_word' id='word_1_112' title='bbox 102 1623 301 1716; x_wconf 88' lang='lat' dir='ltr'>promovit,</span> <span class='ocrx_word' id='word_1_113' title='bbox 338 1635 373 1691; x_wconf 90' lang='lat' dir='ltr'>et</span> <span class='ocrx_word' id='word_1_114' title='bbox 399 1624 444 1691; x_wconf 93' lang='lat' dir='ltr'>ad</span> <span class='ocrx_word' id='word_1_115' title='bbox 475 1625 655 1694; x_wconf 90' lang='lat' dir='ltr'>doctrinae</span> <span class='ocrx_word' id='word_1_116' title='bbox 681 1621 945 1694; x_wconf 87' lang='lat' dir='ltr'>Ecclesiasticae</span> <span class='ocrx_word' id='word_1_117' title='bbox 977 1624 1094 1694; x_wconf 90' lang='lat' dir='ltr'>studia</span> 
     </span>
    </p>
   </div>
   <div class='ocr_carea' id='block_1_4' title="bbox 102 1718 1339 1918">
    <p class='ocr_par' dir='ltr' id='par_1_4' title="bbox 102 1718 1339 1918">
     <span class='ocr_line' id='line_1_14' title="bbox 103 1718 1324 1841; baseline -0.004 -47"><span class='ocrx_word' id='word_1_118' title='bbox 103 1724 254 1794; x_wconf 89' lang='lat' dir='ltr'>idoneus</span> <span class='ocrx_word' id='word_1_119' title='bbox 271 1736 331 1796; x_wconf 84' lang='lat' dir='ltr'>est.</span> <span class='ocrx_word' id='word_1_120' title='bbox 383 1721 422 1794; x_wconf 84' lang='lat' dir='ltr'>si</span> <span class='ocrx_word' id='word_1_121' title='bbox 440 1725 526 1818; x_wconf 90' lang='lat' dir='ltr'>quid</span> <span class='ocrx_word' id='word_1_122' title='bbox 544 1739 659 1816; x_wconf 88' lang='lat' dir='ltr'>potest</span> <span class='ocrx_word' id='word_1_123' title='bbox 674 1718 848 1808; x_wconf 87' lang='lat' dir='ltr'>obtineri,</span> <span class='ocrx_word' id='word_1_124' title='bbox 880 1748 943 1794; x_wconf 90' lang='lat' dir='ltr'>oro</span> <span class='ocrx_word' id='word_1_125' title='bbox 969 1739 1010 1794; x_wconf 92' lang='lat' dir='ltr'>ut</span> <span class='ocrx_word' id='word_1_126' title='bbox 1032 1723 1095 1793; x_wconf 88' lang='lat' dir='ltr'>sti·</span> <span class='ocrx_word' id='word_1_127' title='bbox 1143 1767 1198 1837; x_wconf 72' lang='lat' dir='ltr'>No</span> <span class='ocrx_word' id='word_1_128' title='bbox 1224 1767 1324 1841; x_wconf 65' lang='lat'>2771</span> 
     </span>
     <span class='ocr_line' id='line_1_15' title="bbox 102 1813 1339 1918; baseline 0 -24"><span class='ocrx_word' id='word_1_129' title='bbox 102 1825 239 1918; x_wconf 80' lang='lat' dir='ltr'>peudiq</span> <span class='ocrx_word' id='word_1_130' title='bbox 253 1823 405 1898; x_wconf 82' lang='lat' dir='ltr'>iuvetur.</span> <span class='ocrx_word' id='word_1_131' title='bbox 457 1825 567 1895; x_wconf 89' lang='lat' dir='ltr'>Vides</span> <span class='ocrx_word' id='word_1_132' title='bbox 580 1827 618 1894; x_wconf 90' lang='lat' dir='ltr'>iu</span> <span class='ocrx_word' id='word_1_133' title='bbox 633 1821 699 1897; x_wconf 90' lang='lat' dir='ltr'>hac</span> <span class='ocrx_word' id='word_1_134' title='bbox 715 1840 811 1897; x_wconf 87' lang='lat' dir='ltr'>tauta</span> <span class='ocrx_word' id='word_1_135' title='bbox 828 1826 1095 1916; x_wconf 78' lang='lat' dir='ltr'>perturbatione</span> <span class='ocrx_word' id='word_1_136' title='bbox 1151 1813 1339 1894; x_wconf 43' lang='grc' dir='ltr'>»ὲκ-α’</span> 
     </span>
    </p>
   </div>
   <div class='ocr_carea' id='block_1_5' title="bbox 102 1921 1097 2810">
    <p class='ocr_par' dir='ltr' id='par_1_5' title="bbox 102 1921 1097 2810">
     <span class='ocr_line' id='line_1_16' title="bbox 102 1921 1095 2017; baseline -0.005 -19"><span class='ocrx_word' id='word_1_137' title='bbox 102 1921 258 2017; x_wconf 87' lang='lat' dir='ltr'>Reipub.</span> <span class='ocrx_word' id='word_1_138' title='bbox 273 1923 440 1996; x_wconf 88' lang='lat' dir='ltr'>Civitates</span> <span class='ocrx_word' id='word_1_139' title='bbox 458 1924 688 1996; x_wconf 88' lang='lat' dir='ltr'>Germanicas</span> <span class='ocrx_word' id='word_1_140' title='bbox 711 1922 881 1997; x_wconf 90' lang='lat' dir='ltr'>hactenus</span> <span class='ocrx_word' id='word_1_141' title='bbox 902 1927 946 1995; x_wconf 92' lang='lat' dir='ltr'>de</span> <span class='ocrx_word' id='word_1_142' title='bbox 970 1923 1095 1997; x_wconf 84' lang='lat' dir='ltr'>Eccle-</span> 
     </span>
     <span class='ocr_line' id='line_1_17' title="bbox 103 2024 1093 2117; baseline -0.004 -18"><span class='ocrx_word' id='word_1_143' title='bbox 103 2027 156 2099; x_wconf 87' lang='lat' dir='ltr'>sia</span> <span class='ocrx_word' id='word_1_144' title='bbox 179 2039 213 2097; x_wconf 92' lang='lat' dir='ltr'>et</span> <span class='ocrx_word' id='word_1_145' title='bbox 237 2025 350 2096; x_wconf 90' lang='lat' dir='ltr'>literis</span> <span class='ocrx_word' id='word_1_146' title='bbox 373 2028 464 2096; x_wconf 89' lang='lat' dir='ltr'>bene</span> <span class='ocrx_word' id='word_1_147' title='bbox 486 2029 628 2098; x_wconf 89' lang='lat' dir='ltr'>meritas</span> <span class='ocrx_word' id='word_1_148' title='bbox 650 2051 734 2097; x_wconf 89' lang='lat' dir='ltr'>esse.</span> <span class='ocrx_word' id='word_1_149' title='bbox 785 2024 839 2098; x_wconf 88' lang='lat' dir='ltr'>Ac</span> <span class='ocrx_word' id='word_1_150' title='bbox 861 2050 962 2117; x_wconf 83' lang='lat' dir='ltr'>saepe</span> <span class='ocrx_word' id='word_1_151' title='bbox 980 2028 1093 2116; x_wconf 90' lang='lat' dir='ltr'>cogito</span> 
     </span>
     <span class='ocr_line' id='line_1_18' title="bbox 102 2126 1094 2217; baseline -0.002 -18"><span class='ocrx_word' id='word_1_152' title='bbox 102 2128 274 2217; x_wconf 71' lang='lat' dir='ltr'>singulari</span> <span class='ocrx_word' id='word_1_153' title='bbox 291 2128 460 2197; x_wconf 87' lang='lat' dir='ltr'>beneficio</span> <span class='ocrx_word' id='word_1_154' title='bbox 476 2126 543 2198; x_wconf 91' lang='lat' dir='ltr'>Dei</span> <span class='ocrx_word' id='word_1_155' title='bbox 557 2131 595 2198; x_wconf 90' lang='lat' dir='ltr'>in</span> <span class='ocrx_word' id='word_1_156' title='bbox 619 2129 818 2199; x_wconf 87' lang='lat' dir='ltr'>civitatibus</span> <span class='ocrx_word' id='word_1_157' title='bbox 842 2129 963 2198; x_wconf 90' lang='lat' dir='ltr'>liberis</span> <span class='ocrx_word' id='word_1_158' title='bbox 984 2129 1094 2198; x_wconf 92' lang='lat' dir='ltr'>collo·</span> 
     </span>
     <span class='ocr_line' id='line_1_19' title="bbox 103 2225 1095 2324; baseline -0.003 -25"><span class='ocrx_word' id='word_1_159' title='bbox 103 2243 198 2300; x_wconf 84' lang='lat' dir='ltr'>ratas</span> <span class='ocrx_word' id='word_1_160' title='bbox 215 2253 287 2299; x_wconf 90' lang='lat' dir='ltr'>esse</span> <span class='ocrx_word' id='word_1_161' title='bbox 303 2225 496 2314; x_wconf 75' lang='lat' dir='ltr'>Ecclesiae,</span> <span class='ocrx_word' id='word_1_162' title='bbox 527 2231 622 2324; x_wconf 85' lang='lat' dir='ltr'>quod</span> <span class='ocrx_word' id='word_1_163' title='bbox 647 2231 697 2300; x_wconf 93' lang='lat' dir='ltr'>ibi</span> <span class='ocrx_word' id='word_1_164' title='bbox 722 2230 891 2323; x_wconf 87' lang='lat' dir='ltr'>reliquiae</span> <span class='ocrx_word' id='word_1_165' title='bbox 913 2230 1095 2300; x_wconf 88' lang='lat' dir='ltr'>doctrinae</span> 
     </span>
     <span class='ocr_line' id='line_1_20' title="bbox 104 2329 1095 2421; baseline 0 -21"><span class='ocrx_word' id='word_1_166' title='bbox 104 2331 304 2401; x_wconf 86' lang='lat' dir='ltr'>conservari</span> <span class='ocrx_word' id='word_1_167' title='bbox 321 2331 475 2421; x_wconf 84' lang='lat' dir='ltr'>possint,</span> <span class='ocrx_word' id='word_1_168' title='bbox 502 2332 531 2400; x_wconf 91' lang='lat' dir='ltr'>si</span> <span class='ocrx_word' id='word_1_169' title='bbox 547 2330 659 2401; x_wconf 79' lang='lat' dir='ltr'>Tusci</span> <span class='ocrx_word' id='word_1_170' title='bbox 676 2346 787 2402; x_wconf 90' lang='lat' dir='ltr'>cetera</span> <span class='ocrx_word' id='word_1_171' title='bbox 805 2332 1004 2403; x_wconf 85' lang='lat' dir='ltr'>vastabunt.</span> <span class='ocrx_word' id='word_1_172' title='bbox 1038 2329 1095 2400; x_wconf 87' lang='lat' dir='ltr'>Sis</span> 
     </span>
     <span class='ocr_line' id='line_1_21' title="bbox 103 2428 1096 2529; baseline -0.002 -29"><span class='ocrx_word' id='word_1_173' title='bbox 103 2432 213 2521; x_wconf 90' lang='lat' dir='ltr'>igitur</span> <span class='ocrx_word' id='word_1_174' title='bbox 227 2428 387 2529; x_wconf 76' lang='lat' dir='ltr'>hortator</span> <span class='ocrx_word' id='word_1_175' title='bbox 402 2432 556 2517; x_wconf 88' lang='lat' dir='ltr'>civibus,</span> <span class='ocrx_word' id='word_1_176' title='bbox 581 2446 621 2502; x_wconf 93' lang='lat' dir='ltr'>ut</span> <span class='ocrx_word' id='word_1_177' title='bbox 634 2433 749 2503; x_wconf 89' lang='lat' dir='ltr'>studia</span> <span class='ocrx_word' id='word_1_178' title='bbox 766 2433 900 2506; x_wconf 91' lang='lat' dir='ltr'>iuvent.</span> <span class='ocrx_word' id='word_1_179' title='bbox 951 2432 1096 2503; x_wconf 88' lang='lat' dir='ltr'>Scribae</span> 
     </span>
     <span class='ocr_line' id='line_1_22' title="bbox 103 2529 1096 2622; baseline 0 -22"><span class='ocrx_word' id='word_1_180' title='bbox 103 2547 219 2603; x_wconf 79' lang='lat' dir='ltr'>vestro</span> <span class='ocrx_word' id='word_1_181' title='bbox 237 2534 384 2603; x_wconf 85' lang='lat' dir='ltr'>salutem</span> <span class='ocrx_word' id='word_1_182' title='bbox 403 2547 506 2622; x_wconf 93' lang='lat' dir='ltr'>opto,</span> <span class='ocrx_word' id='word_1_183' title='bbox 538 2546 572 2602; x_wconf 89' lang='lat' dir='ltr'>et</span> <span class='ocrx_word' id='word_1_184' title='bbox 595 2529 687 2602; x_wconf 90' lang='lat' dir='ltr'>hanc</span> <span class='ocrx_word' id='word_1_185' title='bbox 711 2557 850 2603; x_wconf 90' lang='lat' dir='ltr'>causam</span> <span class='ocrx_word' id='word_1_186' title='bbox 873 2535 1096 2615; x_wconf 89' lang='lat' dir='ltr'>commendo,</span> 
     </span>
     <span class='ocr_line' id='line_1_23' title="bbox 105 2635 1097 2710; baseline -0.003 -7"><span class='ocrx_word' id='word_1_187' title='bbox 105 2635 134 2703; x_wconf 91' lang='lat' dir='ltr'>si</span> <span class='ocrx_word' id='word_1_188' title='bbox 162 2658 217 2702; x_wconf 92' lang='lat' dir='ltr'>me</span> <span class='ocrx_word' id='word_1_189' title='bbox 242 2635 381 2710; x_wconf 63' lang='lat' dir='ltr'>,iudicat</span> <span class='ocrx_word' id='word_1_190' title='bbox 404 2635 634 2705; x_wconf 80' lang='lat' dir='ltr'>‘mediocriter</span> <span class='ocrx_word' id='word_1_191' title='bbox 664 2635 794 2703; x_wconf 75' lang='lat' dir='ltr'>servire</span> <span class='ocrx_word' id='word_1_192' title='bbox 821 2635 967 2705; x_wconf 86' lang='lat' dir='ltr'>utilitati</span> <span class='ocrx_word' id='word_1_193' title='bbox 999 2658 1097 2703; x_wconf 91' lang='lat' dir='ltr'>com-</span> 
     </span>
     <span class='ocr_line' id='line_1_24' title="bbox 105 2730 800 2810; baseline 0.009 -6"><span class='ocrx_word' id='word_1_194' title='bbox 105 2736 220 2810; x_wconf 79' lang='lat' dir='ltr'>muni.</span> <span class='ocrx_word' id='word_1_195' title='bbox 268 2734 367 2805; x_wconf 89' lang='lat' dir='ltr'>Bene</span> <span class='ocrx_word' id='word_1_196' title='bbox 382 2736 468 2810; x_wconf 86' lang='lat' dir='ltr'>vale.</span> <span class='ocrx_word' id='word_1_197' title='bbox 495 2737 553 2806; x_wconf 91' lang='lat' dir='ltr'>die</span> <span class='ocrx_word' id='word_1_198' title='bbox 569 2735 605 2809; x_wconf 77' lang='grc'>4.</span> <span class='ocrx_word' id='word_1_199' title='bbox 621 2730 800 2810; x_wconf 89' lang='lat' dir='ltr'>Octobris.</span> 
     </span>
    </p>
   </div>
   <div class='ocr_carea' id='block_1_6' title="bbox 562 2861 1048 2965">
    <p class='ocr_par' dir='ltr' id='par_1_6' title="bbox 562 2861 1048 2965">
     <span class='ocr_line' id='line_1_25' title="bbox 562 2861 1048 2965; baseline -0.002 -27"><span class='ocrx_word' id='word_1_200' title='bbox 562 2861 786 2965; x_wconf 85' lang='lat' dir='ltr'>†Philippus</span> <span class='ocrx_word' id='word_1_201' title='bbox 804 2864 1048 2940; x_wconf 85' lang='lat' dir='ltr'>Melanthon.”</span> 
     </span>
    </p>
   </div>
   <div class='ocr_carea' id='block_1_7' title="bbox 104 3275 1098 3401">
    <p class='ocr_par' dir='ltr' id='par_1_7' title="bbox 104 3275 1098 3401">
     <span class='ocr_line' id='line_1_26' title="bbox 104 3275 1098 3401; baseline -0.004 0"><span class='ocrx_word' id='word_1_202' title='bbox 104 3275 302 3401; x_wconf 69' lang='lat' dir='ltr'>nece</span> <span class='ocrx_word' id='word_1_203' title='bbox 971 3282 1098 3398; x_wconf 57' lang='lat'>2022·</span> 
     </span>
    </p>
   </div>
   <div class='ocr_carea' id='block_1_8' title="bbox 455 3469 750 3577">
    <p class='ocr_par' dir='ltr' id='par_1_8' title="bbox 455 3469 750 3577">
     <span class='ocr_line' id='line_1_27' title="bbox 455 3469 750 3577; baseline 0.007 -27"><span class='ocrx_word' id='word_1_204' title='bbox 455 3470 507 3554; x_wconf 74' lang='lat' dir='ltr'>F.</span> <span class='ocrx_word' id='word_1_205' title='bbox 536 3469 750 3577; x_wconf 78' lang='lat' dir='ltr'>Myconio.</span> 
     </span>
    </p>
   </div>
   <div class='ocr_carea' id='block_1_9' title="bbox 174 3645 1099 3786">
    <p class='ocr_par' dir='ltr' id='par_1_9' title="bbox 174 3645 1099 3786">
     <span class='ocr_line' id='line_1_28' title="bbox 174 3645 1099 3786; baseline 0.002 -86"><span class='ocrx_word' id='word_1_206' title='bbox 174 3645 448 3786; x_wconf 45' lang='lat' dir='ltr'>Edffijtssgbsnegsssio</span> <span class='ocrx_word' id='word_1_207' title='bbox 471 3665 514 3719; x_wconf 83' lang='lat' dir='ltr'>ep.</span> <span class='ocrx_word' id='word_1_208' title='bbox 532 3650 558 3705; x_wconf 87' lang='lat' dir='ltr'>l.</span> <span class='ocrx_word' id='word_1_209' title='bbox 593 3647 704 3719; x_wconf 80' lang='lat' dir='ltr'>Legitur</span> <span class='ocrx_word' id='word_1_210' title='bbox 721 3665 813 3721; x_wconf 76' lang='lat' dir='ltr'>apogr.</span> <span class='ocrx_word' id='word_1_211' title='bbox 832 3647 862 3701; x_wconf 89' lang='lat' dir='ltr'>in</span> <span class='ocrx_word' id='word_1_212' title='bbox 880 3645 942 3703; x_wconf 85' lang='lat' dir='ltr'>cod.</span> <span class='ocrx_word' id='word_1_213' title='bbox 961 3646 1058 3701; x_wconf 73' lang='lat' dir='ltr'>Melan.</span> <span class='ocrx_word' id='word_1_214' title='bbox 1074 3648 1099 3702; x_wconf 86' lang='lat' dir='ltr'>l.</span> 
     </span>
    </p>
   </div>
   <div class='ocr_carea' id='block_1_10' title="bbox 104 3866 1103 4166">
    <p class='ocr_par' dir='ltr' id='par_1_10' title="bbox 104 3866 1103 4166">
     <span class='ocr_line' id='line_1_29' title="bbox 105 3866 1100 3968; baseline -0.003 -22"><span class='ocrx_word' id='word_1_215' title='bbox 105 3866 332 3946; x_wconf 83' lang='lat' dir='ltr'>Clarissimo</span> <span class='ocrx_word' id='word_1_216' title='bbox 359 3872 437 3942; x_wconf 83' lang='lat' dir='ltr'>viro</span> <span class='ocrx_word' id='word_1_217' title='bbox 462 3882 494 3943; x_wconf 89' lang='lat' dir='ltr'>et</span> <span class='ocrx_word' id='word_1_218' title='bbox 522 3872 668 3968; x_wconf 82' lang='lat' dir='ltr'>egregio</span> <span class='ocrx_word' id='word_1_219' title='bbox 692 3870 889 3942; x_wconf 79' lang='lat' dir='ltr'>eruditione</span> <span class='ocrx_word' id='word_1_220' title='bbox 913 3882 944 3942; x_wconf 90' lang='lat' dir='ltr'>et</span> <span class='ocrx_word' id='word_1_221' title='bbox 967 3873 1100 3968; x_wconf 80' lang='lat' dir='ltr'>pietate</span> 
     </span>
     <span class='ocr_line' id='line_1_30' title="bbox 104 3969 1103 4073; baseline 0.001 -30"><span class='ocrx_word' id='word_1_222' title='bbox 104 3969 297 4073; x_wconf 84' lang='lat' dir='ltr'>praedito,</span> <span class='ocrx_word' id='word_1_223' title='bbox 321 3970 376 4044; x_wconf 90' lang='lat' dir='ltr'>D.</span> <span class='ocrx_word' id='word_1_224' title='bbox 394 3969 439 4042; x_wconf 81' lang='lat' dir='ltr'><em>F</em></span> <span class='ocrx_word' id='word_1_225' title='bbox 440 3971 645 4045; x_wconf 86' lang='lat' dir='ltr'>riderico</span> <span class='ocrx_word' id='word_1_226' title='bbox 670 3970 729 4044; x_wconf 89' lang='lat' dir='ltr'><em>M</em></span> <span class='ocrx_word' id='word_1_227' title='bbox 728 3972 914 4070; x_wconf 83' lang='lat' dir='ltr'>yconio,</span> <span class='ocrx_word' id='word_1_228' title='bbox 948 3969 1103 4046; x_wconf 77' lang='lat' dir='ltr'>Pastori</span> 
     </span>
     <span class='ocr_line' id='line_1_31' title="bbox 180 4070 1027 4166; baseline 0.002 -22"><span class='ocrx_word' id='word_1_229' title='bbox 180 4073 347 4145; x_wconf 68' lang='lat' dir='ltr'>ecclessiae</span> <span class='ocrx_word' id='word_1_230' title='bbox 362 4070 577 4166; x_wconf 76' lang='lat' dir='ltr'>Gothonoe,</span> <span class='ocrx_word' id='word_1_231' title='bbox 600 4075 719 4147; x_wconf 84' lang='lat' dir='ltr'>amico</span> <span class='ocrx_word' id='word_1_232' title='bbox 734 4101 802 4147; x_wconf 87' lang='lat' dir='ltr'>suo</span> <span class='ocrx_word' id='word_1_233' title='bbox 817 4074 1027 4160; x_wconf 86' lang='lat' dir='ltr'>carissimo,</span> 
     </span>
    </p>
   </div>
   <div class='ocr_carea' id='block_1_11' title="bbox 105 4195 1100 5218">
    <p class='ocr_par' dir='ltr' id='par_1_11' title="bbox 105 4195 1100 5218">
     <span class='ocr_line' id='line_1_32' title="bbox 106 4195 1099 4304; baseline -0.006 -19"><span class='ocrx_word' id='word_1_234' title='bbox 106 4195 153 4285; x_wconf 81' lang='lat' dir='ltr'>S.</span> <span class='ocrx_word' id='word_1_235' title='bbox 172 4212 217 4286; x_wconf 88' lang='lat' dir='ltr'>D.</span> <span class='ocrx_word' id='word_1_236' title='bbox 268 4212 436 4301; x_wconf 81' lang='lat' dir='ltr'>Quoties,</span> <span class='ocrx_word' id='word_1_237' title='bbox 461 4216 510 4282; x_wconf 87' lang='lat' dir='ltr'>rui</span> <span class='ocrx_word' id='word_1_238' title='bbox 525 4213 723 4299; x_wconf 83' lang='lat' dir='ltr'>Friderice,</span> <span class='ocrx_word' id='word_1_239' title='bbox 749 4215 863 4304; x_wconf 89' lang='lat' dir='ltr'>cogito</span> <span class='ocrx_word' id='word_1_240' title='bbox 882 4217 925 4281; x_wconf 89' lang='lat' dir='ltr'>de</span> <span class='ocrx_word' id='word_1_241' title='bbox 947 4212 1099 4282; x_wconf 90' lang='lat' dir='ltr'>ecclesiis</span> 
     </span>
     <span class='ocr_line' id='line_1_33' title="bbox 107 4308 1100 4406; baseline -0.005 -20"><span class='ocrx_word' id='word_1_242' title='bbox 107 4317 327 4406; x_wconf 87' lang='lat' dir='ltr'>singularum</span> <span class='ocrx_word' id='word_1_243' title='bbox 350 4315 533 4402; x_wconf 88' lang='lat' dir='ltr'>regionum</span> <span class='ocrx_word' id='word_1_244' title='bbox 552 4318 710 4404; x_wconf 90' lang='lat' dir='ltr'>gratulor</span> <span class='ocrx_word' id='word_1_245' title='bbox 726 4330 758 4386; x_wconf 91' lang='lat' dir='ltr'>et</span> <span class='ocrx_word' id='word_1_246' title='bbox 776 4315 877 4383; x_wconf 91' lang='lat' dir='ltr'>vobis</span> <span class='ocrx_word' id='word_1_247' title='bbox 894 4327 926 4381; x_wconf 86' lang='lat' dir='ltr'>et</span> <span class='ocrx_word' id='word_1_248' title='bbox 942 4308 1025 4380; x_wconf 89' lang='lat' dir='ltr'>huic</span> <span class='ocrx_word' id='word_1_249' title='bbox 1044 4339 1100 4381; x_wconf 91' lang='lat' dir='ltr'>re-</span> 
     </span>
     <span class='ocr_line' id='line_1_34' title="bbox 107 4410 1098 4509; baseline -0.008 -22"><span class='ocrx_word' id='word_1_250' title='bbox 107 4418 228 4509; x_wconf 84' lang='lat' dir='ltr'>gioni,</span> <span class='ocrx_word' id='word_1_251' title='bbox 258 4417 308 4486; x_wconf 89' lang='lat' dir='ltr'>sic</span> <span class='ocrx_word' id='word_1_252' title='bbox 334 4430 474 4486; x_wconf 87' lang='lat' dir='ltr'>ornatas</span> <span class='ocrx_word' id='word_1_253' title='bbox 496 4440 568 4485; x_wconf 88' lang='lat' dir='ltr'>esse</span> <span class='ocrx_word' id='word_1_254' title='bbox 587 4415 657 4486; x_wconf 89' lang='lat' dir='ltr'>Dei</span> <span class='ocrx_word' id='word_1_255' title='bbox 674 4417 842 4486; x_wconf 84' lang='lat' dir='ltr'>beneficio</span> <span class='ocrx_word' id='word_1_256' title='bbox 855 4414 882 4508; x_wconf 82' lang='lat'>¹)</span> <span class='ocrx_word' id='word_1_257' title='bbox 901 4410 1098 4499; x_wconf 75' lang='lat' dir='ltr'>&#39;l&#39;huriugi-</span> 
     </span>
     <span class='ocr_line' id='line_1_35' title="bbox 107 4515 1099 4605; baseline -0.01 -14"><span class='ocrx_word' id='word_1_258' title='bbox 107 4544 167 4591; x_wconf 90' lang='lat' dir='ltr'>cas</span> <span class='ocrx_word' id='word_1_259' title='bbox 189 4515 385 4601; x_wconf 81' lang='lat' dir='ltr'>Ecclesiae,</span> <span class='ocrx_word' id='word_1_260' title='bbox 413 4532 452 4589; x_wconf 89' lang='lat' dir='ltr'>ut</span> <span class='ocrx_word' id='word_1_261' title='bbox 476 4518 611 4586; x_wconf 90' lang='lat' dir='ltr'>nullam</span> <span class='ocrx_word' id='word_1_262' title='bbox 635 4518 740 4586; x_wconf 88' lang='lat' dir='ltr'>aliam</span> <span class='ocrx_word' id='word_1_263' title='bbox 763 4517 942 4605; x_wconf 85' lang='lat' dir='ltr'>regionem</span> <span class='ocrx_word' id='word_1_264' title='bbox 965 4517 1099 4582; x_wconf 83' lang='lat' dir='ltr'>autefe-</span> 
     </span>
     <span class='ocr_line' id='line_1_36' title="bbox 105 4616 1099 4706; baseline -0.012 -13"><span class='ocrx_word' id='word_1_265' title='bbox 105 4621 257 4693; x_wconf 86' lang='lat' dir='ltr'>rendam</span> <span class='ocrx_word' id='word_1_266' title='bbox 273 4620 435 4691; x_wconf 88' lang='lat' dir='ltr'>arbitrer.</span> <span class='ocrx_word' id='word_1_267' title='bbox 487 4616 565 4687; x_wconf 89' lang='lat' dir='ltr'>Hoc</span> <span class='ocrx_word' id='word_1_268' title='bbox 587 4622 694 4688; x_wconf 90' lang='lat' dir='ltr'>decus</span> <span class='ocrx_word' id='word_1_269' title='bbox 715 4621 826 4687; x_wconf 89' lang='lat' dir='ltr'>donec</span> <span class='ocrx_word' id='word_1_270' title='bbox 849 4630 965 4706; x_wconf 87' lang='lat' dir='ltr'>potes,</span> <span class='ocrx_word' id='word_1_271' title='bbox 992 4616 1099 4682; x_wconf 83' lang='lat' dir='ltr'>caris-</span> 
     </span>
     <span class='ocr_line' id='line_1_37' title="bbox 108 4714 1098 4812; baseline -0.014 -17"><span class='ocrx_word' id='word_1_272' title='bbox 108 4724 196 4796; x_wconf 83' lang='lat' dir='ltr'>sime</span> <span class='ocrx_word' id='word_1_273' title='bbox 211 4718 408 4809; x_wconf 76' lang='lat' dir='ltr'>Friderice,</span> <span class='ocrx_word' id='word_1_274' title='bbox 432 4720 522 4789; x_wconf 86' lang='lat' dir='ltr'>tueri</span> <span class='ocrx_word' id='word_1_275' title='bbox 540 4722 690 4792; x_wconf 87' lang='lat' dir='ltr'>studeas.</span> <span class='ocrx_word' id='word_1_276' title='bbox 726 4718 834 4787; x_wconf 84' lang='lat' dir='ltr'>Vides</span> <span class='ocrx_word' id='word_1_277' title='bbox 843 4714 872 4812; x_wconf 74' lang='lat'>²)</span> <span class='ocrx_word' id='word_1_278' title='bbox 888 4717 981 4784; x_wconf 91' lang='lat' dir='ltr'>enim</span> <span class='ocrx_word' id='word_1_279' title='bbox 998 4717 1098 4804; x_wconf 87' lang='lat' dir='ltr'>prin-</span> 
     </span>
     <span class='ocr_line' id='line_1_38' title="bbox 109 4818 1097 4915; baseline -0.012 -19"><span class='ocrx_word' id='word_1_280' title='bbox 109 4826 204 4915; x_wconf 82' lang='lat' dir='ltr'>cipes</span> <span class='ocrx_word' id='word_1_281' title='bbox 219 4824 374 4914; x_wconf 90' lang='lat' dir='ltr'>quodam</span> <span class='ocrx_word' id='word_1_282' title='bbox 391 4821 485 4890; x_wconf 89' lang='lat' dir='ltr'>tristi</span> <span class='ocrx_word' id='word_1_283' title='bbox 500 4821 590 4900; x_wconf 86' lang='lat' dir='ltr'>fato,</span> <span class='ocrx_word' id='word_1_284' title='bbox 621 4833 683 4889; x_wconf 90' lang='lat' dir='ltr'>aut</span> <span class='ocrx_word' id='word_1_285' title='bbox 706 4819 810 4888; x_wconf 90' lang='lat' dir='ltr'>etiam</span> <span class='ocrx_word' id='word_1_286' title='bbox 834 4830 969 4907; x_wconf 90' lang='lat' dir='ltr'>praeter</span> <span class='ocrx_word' id='word_1_287' title='bbox 988 4818 1097 4884; x_wconf 86' lang='lat' dir='ltr'>latum</span> 
     </span>
     <span class='ocr_line' id='line_1_39' title="bbox 108 4913 1098 5018; baseline -0.015 -21"><span class='ocrx_word' id='word_1_288' title='bbox 108 4951 170 4997; x_wconf 84' lang='lat' dir='ltr'>sua</span> <span class='ocrx_word' id='word_1_289' title='bbox 191 4913 536 5018; x_wconf 75' lang='grc' dir='ltr'><em>πολυπραγμοσύνῃ</em></span> <span class='ocrx_word' id='word_1_290' title='bbox 559 4921 697 5004; x_wconf 88' lang='lat' dir='ltr'>inutili,</span> <span class='ocrx_word' id='word_1_291' title='bbox 737 4919 912 5009; x_wconf 89' lang='lat' dir='ltr'>implicari</span> <span class='ocrx_word' id='word_1_292' title='bbox 934 4916 1012 4985; x_wconf 88' lang='lat' dir='ltr'>aliis</span> <span class='ocrx_word' id='word_1_293' title='bbox 1036 4941 1098 4984; x_wconf 86' lang='lat' dir='ltr'>ne-</span> 
     </span>
     <span class='ocr_line' id='line_1_40' title="bbox 109 5018 1099 5116; baseline -0.01 -21"><span class='ocrx_word' id='word_1_294' title='bbox 109 5026 232 5116; x_wconf 86' lang='lat' dir='ltr'>gatiis,</span> <span class='ocrx_word' id='word_1_295' title='bbox 270 5046 422 5114; x_wconf 83' lang='lat' dir='ltr'>qtrorum</span> <span class='ocrx_word' id='word_1_296' title='bbox 456 5024 586 5091; x_wconf 84' lang='lat' dir='ltr'>exitum</span> <span class='ocrx_word' id='word_1_297' title='bbox 621 5037 661 5092; x_wconf 91' lang='lat' dir='ltr'>ut</span> <span class='ocrx_word' id='word_1_298' title='bbox 690 5034 788 5108; x_wconf 87' lang='lat' dir='ltr'>regat</span> <span class='ocrx_word' id='word_1_299' title='bbox 819 5018 914 5089; x_wconf 88' lang='lat' dir='ltr'>Deus</span> <span class='ocrx_word' id='word_1_300' title='bbox 948 5041 1099 5085; x_wconf 86' lang='lat' dir='ltr'>oremus.</span> 
     </span>
     <span class='ocr_line' id='line_1_41' title="bbox 108 5115 1100 5218; baseline -0.009 -20"><span class='ocrx_word' id='word_1_301' title='bbox 108 5126 221 5218; x_wconf 81' lang='lat' dir='ltr'>Perge</span> <span class='ocrx_word' id='word_1_302' title='bbox 242 5123 367 5215; x_wconf 88' lang='lat' dir='ltr'>igitur,</span> <span class='ocrx_word' id='word_1_303' title='bbox 400 5125 497 5218; x_wconf 88' lang='lat' dir='ltr'>quod</span> <span class='ocrx_word' id='word_1_304' title='bbox 522 5124 626 5206; x_wconf 85' lang='lat' dir='ltr'>lacis,</span> <span class='ocrx_word' id='word_1_305' title='bbox 661 5146 789 5192; x_wconf 83' lang='lat' dir='ltr'>ornare</span> <span class='ocrx_word' id='word_1_306' title='bbox 809 5134 886 5191; x_wconf 89' lang='lat' dir='ltr'>tuas</span> <span class='ocrx_word' id='word_1_307' title='bbox 904 5115 1043 5189; x_wconf 89' lang='lat' dir='ltr'>scholas</span> <span class='ocrx_word' id='word_1_308' title='bbox 1066 5134 1100 5190; x_wconf 92' lang='lat' dir='ltr'>et</span> 
     </span>
    </p>
   </div>
   <div class='ocr_carea' id='block_1_12' title="bbox 112 5294 311 5311">
    <p class='ocr_par' dir='ltr' id='par_1_12' title="bbox 112 5294 311 5311">
     <span class='ocr_line' id='line_1_42' title="bbox 112 5294 311 5311; baseline -0.01 -2"><span class='ocrx_word' id='word_1_309' title='bbox 112 5294 311 5311; x_wconf 57' lang='lat' dir='ltr'>...nant-u·-</span> 
     </span>
    </p>
   </div>
   <div class='ocr_carea' id='block_1_13' title="bbox 140 5389 798 5554">
    <p class='ocr_par' dir='ltr' id='par_1_13' title="bbox 140 5389 798 5554">
     <span class='ocr_line' id='line_1_43' title="bbox 144 5389 798 5479; baseline -0.018 -26"><span class='ocrx_word' id='word_1_310' title='bbox 144 5398 173 5467; x_wconf 81' lang='lat' dir='ltr'>l)</span> <span class='ocrx_word' id='word_1_311' title='bbox 191 5396 250 5451; x_wconf 84' lang='lat' dir='ltr'>Dei</span> <span class='ocrx_word' id='word_1_312' title='bbox 260 5392 370 5462; x_wconf 66' lang='lat' dir='ltr'>&amp;nqis</span> <span class='ocrx_word' id='word_1_313' title='bbox 383 5411 440 5447; x_wconf 85' lang='lat' dir='ltr'>non</span> <span class='ocrx_word' id='word_1_314' title='bbox 455 5391 534 5447; x_wconf 79' lang='lat' dir='ltr'>babet</span> <span class='ocrx_word' id='word_1_315' title='bbox 546 5391 610 5448; x_wconf 87' lang='lat' dir='ltr'>cod.</span> <span class='ocrx_word' id='word_1_316' title='bbox 620 5389 717 5444; x_wconf 87' lang='lat' dir='ltr'>Mebu.</span> <span class='ocrx_word' id='word_1_317' title='bbox 793 5470 798 5479; x_wconf 32' lang='grc' dir='ltr'><strong><em>Ι</em></strong></span> 
     </span>
     <span class='ocr_line' id='line_1_44' title="bbox 140 5480 514 5554; baseline -0.019 -14"><span class='ocrx_word' id='word_1_318' title='bbox 140 5484 173 5554; x_wconf 73' lang='grc' dir='ltr'>Ξ)</span> <span class='ocrx_word' id='word_1_319' title='bbox 191 5480 262 5539; x_wconf 73' lang='lat' dir='ltr'>eoa</span> <span class='ocrx_word' id='word_1_320' title='bbox 272 5480 369 5536; x_wconf 73' lang='lat' dir='ltr'>stetu.</span> <span class='ocrx_word' id='word_1_321' title='bbox 381 5481 482 5536; x_wconf 80' lang='lat' dir='ltr'>Video.</span> <span class='ocrx_word' id='word_1_322' title='bbox 509 5524 514 5533; x_wconf 72' lang='grc'>,</span> 
     </span>
    </p>
   </div>
   <div class='ocr_carea' id='block_1_14' title="bbox 1144 1009 2136 1413">
    <p class='ocr_par' dir='ltr' id='par_1_14' title="bbox 1144 1009 2136 1413">
     <span class='ocr_line' id='line_1_45' title="bbox 1145 1009 2136 1105; baseline -0.002 -23"><span class='ocrx_word' id='word_1_323' title='bbox 1145 1037 1203 1083; x_wconf 92' lang='lat' dir='ltr'>sus</span> <span class='ocrx_word' id='word_1_324' title='bbox 1220 1028 1287 1093; x_wconf 89' lang='lat' dir='ltr'>est,</span> <span class='ocrx_word' id='word_1_325' title='bbox 1313 1018 1524 1105; x_wconf 89' lang='lat' dir='ltr'>urgendum.</span> <span class='ocrx_word' id='word_1_326' title='bbox 1575 1015 1684 1085; x_wconf 91' lang='lat' dir='ltr'>Mitto</span> <span class='ocrx_word' id='word_1_327' title='bbox 1700 1016 1765 1086; x_wconf 94' lang='lat' dir='ltr'>tibi</span> <span class='ocrx_word' id='word_1_328' title='bbox 1782 1013 1973 1083; x_wconf 88' lang='lat' dir='ltr'>versiculos</span> <span class='ocrx_word' id='word_1_329' title='bbox 1989 1009 2044 1082; x_wconf 92' lang='lat' dir='ltr'>his</span> <span class='ocrx_word' id='word_1_330' title='bbox 2059 1015 2136 1080; x_wconf 89' lang='lat' dir='ltr'>die-</span> 
     </span>
     <span class='ocr_line' id='line_1_46' title="bbox 1144 1111 2136 1207; baseline -0.004 -23"><span class='ocrx_word' id='word_1_331' title='bbox 1144 1117 1211 1184; x_wconf 91' lang='lat' dir='ltr'>bus</span> <span class='ocrx_word' id='word_1_332' title='bbox 1228 1116 1352 1190; x_wconf 90' lang='lat' dir='ltr'>editos.</span> <span class='ocrx_word' id='word_1_333' title='bbox 1388 1111 1489 1186; x_wconf 87' lang='lat' dir='ltr'>Alias</span> <span class='ocrx_word' id='word_1_334' title='bbox 1506 1119 1644 1187; x_wconf 90' lang='lat' dir='ltr'>mittam</span> <span class='ocrx_word' id='word_1_335' title='bbox 1659 1115 1846 1207; x_wconf 89' lang='lat' dir='ltr'>grandiora</span> <span class='ocrx_word' id='word_1_336' title='bbox 1864 1115 2004 1207; x_wconf 89' lang='lat' dir='ltr'>scripta.</span> <span class='ocrx_word' id='word_1_337' title='bbox 2037 1112 2136 1182; x_wconf 88' lang='lat' dir='ltr'>Beue</span> 
     </span>
     <span class='ocr_line' id='line_1_47' title="bbox 1145 1213 2136 1310; baseline -0.001 -26"><span class='ocrx_word' id='word_1_338' title='bbox 1145 1229 1180 1285; x_wconf 92' lang='lat' dir='ltr'>et</span> <span class='ocrx_word' id='word_1_339' title='bbox 1213 1216 1364 1287; x_wconf 81' lang='lat' dir='ltr'>feliciter</span> <span class='ocrx_word' id='word_1_340' title='bbox 1396 1218 1484 1287; x_wconf 87' lang='lat' dir='ltr'>vale.</span> <span class='ocrx_word' id='word_1_341' title='bbox 1543 1215 1611 1288; x_wconf 89' lang='lat' dir='ltr'>Die</span> <span class='ocrx_word' id='word_1_342' title='bbox 1638 1221 1672 1290; x_wconf 91' lang='grc'>7.</span> <span class='ocrx_word' id='word_1_343' title='bbox 1697 1213 1866 1287; x_wconf 89' lang='lat' dir='ltr'>Octobris</span> <span class='ocrx_word' id='word_1_344' title='bbox 1879 1213 1919 1310; x_wconf 83' lang='lat'>⁸).</span> <span class='ocrx_word' id='word_1_345' title='bbox 1977 1216 2136 1287; x_wconf 87' lang='lat' dir='ltr'>Salutem</span> 
     </span>
     <span class='ocr_line' id='line_1_48' title="bbox 1144 1310 1782 1413; baseline 0.005 -26"><span class='ocrx_word' id='word_1_346' title='bbox 1144 1330 1227 1409; x_wconf 88' lang='lat' dir='ltr'>opto</span> <span class='ocrx_word' id='word_1_347' title='bbox 1242 1316 1287 1393; x_wconf 89' lang='lat' dir='ltr'>D.</span> <span class='ocrx_word' id='word_1_348' title='bbox 1301 1310 1467 1388; x_wconf 89' lang='lat' dir='ltr'>Portuno</span> <span class='ocrx_word' id='word_1_349' title='bbox 1481 1331 1515 1389; x_wconf 90' lang='lat' dir='ltr'>et</span> <span class='ocrx_word' id='word_1_350' title='bbox 1527 1312 1732 1389; x_wconf 86' lang='lat' dir='ltr'>Pancratio</span> <span class='ocrx_word' id='word_1_351' title='bbox 1741 1312 1782 1413; x_wconf 79' lang='lat'>⁶).</span> 
     </span>
    </p>
   </div>
   <div class='ocr_carea' id='block_1_15' title="bbox 1645 1424 2134 1525">
    <p class='ocr_par' dir='ltr' id='par_1_15' title="bbox 1645 1424 2134 1525">
     <span class='ocr_line' id='line_1_49' title="bbox 1645 1424 2134 1525; baseline -0.004 -22"><span class='ocrx_word' id='word_1_352' title='bbox 1645 1430 1835 1525; x_wconf 90' lang='lat' dir='ltr'>Philippus</span> <span class='ocrx_word' id='word_1_353' title='bbox 1860 1424 2086 1507; x_wconf 82' lang='lat' dir='ltr'>Melanthbn.</span> <span class='ocrx_word' id='word_1_354' title='bbox 2130 1496 2134 1501; x_wconf 86' lang='lat'>.</span> 
     </span>
    </p>
   </div>
   <div class='ocr_carea' id='block_1_16' title="bbox 1148 1638 2133 1653">
    <p class='ocr_par' dir='ltr' id='par_1_16' title="bbox 1148 1638 2133 1653">
     <span class='ocr_line' id='line_1_50' title="bbox 1148 1638 2133 1653; baseline -0.002 -3"><span class='ocrx_word' id='word_1_355' title='bbox 1148 1639 1599 1653; x_wconf 46' lang='lat' dir='ltr'>-n———r-t——u</span> <span class='ocrx_word' id='word_1_356' title='bbox 2004 1638 2133 1650; x_wconf 54' lang='grc' dir='ltr'>*αα-ιο</span> 
     </span>
    </p>
   </div>
   <div class='ocr_carea' id='block_1_17' title="bbox 2011 1769 2136 1835">
    <p class='ocr_par' dir='ltr' id='par_1_17' title="bbox 2011 1769 2136 1835">
     <span class='ocr_line' id='line_1_51' title="bbox 2011 1769 2136 1835; baseline -0.04 0"><span class='ocrx_word' id='word_1_357' title='bbox 2011 1777 2043 1835; x_wconf 87' lang='grc'>7.</span> <span class='ocrx_word' id='word_1_358' title='bbox 2064 1769 2136 1834; x_wconf 79' lang='lat' dir='ltr'>Oet.</span> 
     </span>
    </p>
   </div>
   <div class='ocr_carea' id='block_1_18' title="bbox 2001 1864 2136 1892">
    <p class='ocr_par' dir='ltr' id='par_1_18' title="bbox 2001 1864 2136 1892">
     <span class='ocr_line' id='line_1_52' title="bbox 2001 1864 2136 1892; baseline 0.007 -1"><span class='ocrx_word' id='word_1_359' title='bbox 2001 1864 2136 1892; x_wconf 51' lang='grc' dir='ltr'>Μ·</span> 
     </span>
    </p>
   </div>
   <div class='ocr_carea' id='block_1_19' title="bbox 1460 1935 1822 2020">
    <p class='ocr_par' dir='ltr' id='par_1_19' title="bbox 1460 1935 1822 2020">
     <span class='ocr_line' id='line_1_53' title="bbox 1460 1935 1822 2020; baseline 0 -2"><span class='ocrx_word' id='word_1_360' title='bbox 1460 1935 1553 2020; x_wconf 83' lang='lat' dir='ltr'>Pet.</span> <span class='ocrx_word' id='word_1_361' title='bbox 1590 1935 1822 2019; x_wconf 73' lang='lat' dir='ltr'>Fuldnero.</span> 
     </span>
    </p>
   </div>
   <div class='ocr_carea' id='block_1_20' title="bbox 1215 2105 2138 2255">
    <p class='ocr_par' dir='ltr' id='par_1_20' title="bbox 1215 2105 2138 2255">
     <span class='ocr_line' id='line_1_54' title="bbox 1215 2105 2138 2236; baseline -0.012 -68"><span class='ocrx_word' id='word_1_362' title='bbox 1215 2113 1290 2182; x_wconf 80' lang='lat' dir='ltr'>†ttx</span> <span class='ocrx_word' id='word_1_363' title='bbox 1303 2130 1354 2184; x_wconf 76' lang='lat' dir='ltr'>apo</span> <span class='ocrx_word' id='word_1_364' title='bbox 1374 2114 1457 2184; x_wconf 83' lang='lat' dir='ltr'>rapha</span> <span class='ocrx_word' id='word_1_365' title='bbox 1474 2113 1503 2166; x_wconf 91' lang='lat' dir='ltr'>in</span> <span class='ocrx_word' id='word_1_366' title='bbox 1519 2113 1581 2169; x_wconf 89' lang='lat' dir='ltr'>cod.</span> <span class='ocrx_word' id='word_1_367' title='bbox 1594 2115 1651 2185; x_wconf 60' lang='lat'>54„</span> <span class='ocrx_word' id='word_1_368' title='bbox 1674 2114 1722 2236; x_wconf 60' lang='lat' dir='ltr'>poi</span> <span class='ocrx_word' id='word_1_369' title='bbox 1743 2124 1781 2167; x_wconf 86' lang='lat' dir='ltr'>est</span> <span class='ocrx_word' id='word_1_370' title='bbox 1800 2112 1829 2166; x_wconf 84' lang='lat' dir='ltr'>in</span> <span class='ocrx_word' id='word_1_371' title='bbox 1844 2109 1973 2192; x_wconf 78' lang='lat' dir='ltr'>Biblioth.</span> <span class='ocrx_word' id='word_1_372' title='bbox 1988 2108 2027 2162; x_wconf 86' lang='lat' dir='ltr'>St.</span> <span class='ocrx_word' id='word_1_373' title='bbox 2043 2105 2138 2160; x_wconf 91' lang='lat' dir='ltr'>Geno-</span> 
     </span>
     <span class='ocr_line' id='line_1_55' title="bbox 1250 2178 2116 2255; baseline -0.013 -15"><span class='ocrx_word' id='word_1_374' title='bbox 1250 2197 1336 2240; x_wconf 81' lang='lat' dir='ltr'>tevse</span> <span class='ocrx_word' id='word_1_375' title='bbox 1391 2181 1461 2236; x_wconf 86' lang='lat' dir='ltr'>tetiis</span> <span class='ocrx_word' id='word_1_376' title='bbox 1475 2181 1575 2255; x_wconf 78' lang='lat' dir='ltr'>Paris,</span> <span class='ocrx_word' id='word_1_377' title='bbox 1594 2183 1660 2237; x_wconf 87' lang='lat' dir='ltr'>mibi</span> <span class='ocrx_word' id='word_1_378' title='bbox 1693 2184 1807 2254; x_wconf 82' lang='lat' dir='ltr'>escripta</span> <span class='ocrx_word' id='word_1_379' title='bbox 1821 2201 1836 2236; x_wconf 75' lang='lat' dir='ltr'>a</span> <span class='ocrx_word' id='word_1_380' title='bbox 1851 2181 1960 2236; x_wconf 78' lang='lat' dir='ltr'>Clarus.</span> <span class='ocrx_word' id='word_1_381' title='bbox 1971 2178 2116 2231; x_wconf 75' lang='lat' dir='ltr'>Bitonem.</span> 
     </span>
    </p>
   </div>
   <div class='ocr_carea' id='block_1_21' title="bbox 1145 2329 2192 2539">
    <p class='ocr_par' dir='ltr' id='par_1_21' title="bbox 1145 2329 2192 2539">
     <span class='ocr_line' id='line_1_56' title="bbox 1148 2329 2140 2434; baseline -0.012 -24"><span class='ocrx_word' id='word_1_382' title='bbox 1148 2329 1309 2410; x_wconf 86' lang='lat' dir='ltr'>Clariss.</span> <span class='ocrx_word' id='word_1_383' title='bbox 1343 2335 1422 2408; x_wconf 69' lang='lat' dir='ltr'>‘viro</span> <span class='ocrx_word' id='word_1_384' title='bbox 1459 2348 1490 2409; x_wconf 88' lang='lat' dir='ltr'>et</span> <span class='ocrx_word' id='word_1_385' title='bbox 1530 2339 1676 2434; x_wconf 81' lang='lat' dir='ltr'>egregia</span> <span class='ocrx_word' id='word_1_386' title='bbox 1710 2335 1912 2417; x_wconf 76' lang='lat' dir='ltr'>eruditione</span> <span class='ocrx_word' id='word_1_387' title='bbox 1945 2343 1976 2403; x_wconf 87' lang='lat' dir='ltr'>et</span> <span class='ocrx_word' id='word_1_388' title='bbox 2007 2331 2140 2428; x_wconf 81' lang='lat' dir='ltr'>pietate</span> 
     </span>
     <span class='ocr_line' id='line_1_57' title="bbox 1145 2429 2192 2539; baseline -0.01 -28"><span class='ocrx_word' id='word_1_389' title='bbox 1145 2437 1334 2539; x_wconf 84' lang='lat' dir='ltr'>praedito,</span> <span class='ocrx_word' id='word_1_390' title='bbox 1360 2436 1418 2510; x_wconf 90' lang='lat' dir='ltr'>M.</span> <span class='ocrx_word' id='word_1_391' title='bbox 1445 2434 1582 2510; x_wconf 86' lang='lat' dir='ltr'>Petro</span> <span class='ocrx_word' id='word_1_392' title='bbox 1604 2436 1649 2513; x_wconf 85' lang='lat' dir='ltr'><em>F</em></span> <span class='ocrx_word' id='word_1_393' title='bbox 1652 2437 1865 2524; x_wconf 82' lang='lat' dir='ltr'>uiduero,</span> <span class='ocrx_word' id='word_1_394' title='bbox 1896 2429 2048 2505; x_wconf 81' lang='lat' dir='ltr'>Pastori</span> <span class='ocrx_word' id='word_1_395' title='bbox 2065 2430 2142 2502; x_wconf 85' lang='lat' dir='ltr'>Eo-</span> <span class='ocrx_word' id='word_1_396' title='bbox 2189 2512 2192 2518; x_wconf 24' lang='grc' dir='ltr'>Ι</span> 
     </span>
    </p>
   </div>
   <div class='ocr_carea' id='block_1_22' title="bbox 1288 2536 2002 2623">
    <p class='ocr_par' dir='ltr' id='par_1_22' title="bbox 1288 2536 2002 2623">
     <span class='ocr_line' id='line_1_58' title="bbox 1288 2536 2002 2623; baseline -0.008 -11"><span class='ocrx_word' id='word_1_397' title='bbox 1288 2539 1417 2612; x_wconf 78' lang='lat' dir='ltr'>elesius</span> <span class='ocrx_word' id='word_1_398' title='bbox 1441 2536 1768 2616; x_wconf 83' lang='lat' dir='ltr'>Walterhosanoe</span> <span class='ocrx_word' id='word_1_399' title='bbox 1785 2538 1904 2610; x_wconf 79' lang='lat' dir='ltr'>antico</span> <span class='ocrx_word' id='word_1_400' title='bbox 1918 2561 2002 2623; x_wconf 86' lang='lat' dir='ltr'>suo,</span> 
     </span>
    </p>
   </div>
   <div class='ocr_carea' id='block_1_23' title="bbox 1147 2658 2251 4685">
    <p class='ocr_par' dir='ltr' id='par_1_23' title="bbox 1147 2658 2251 4685">
     <span class='ocr_line' id='line_1_59' title="bbox 1147 2658 2251 2769; baseline -0.009 -20"><span class='ocrx_word' id='word_1_401' title='bbox 1147 2658 1192 2749; x_wconf 79' lang='lat' dir='ltr'>S.</span> <span class='ocrx_word' id='word_1_402' title='bbox 1218 2676 1265 2752; x_wconf 91' lang='lat' dir='ltr'>D.</span> <span class='ocrx_word' id='word_1_403' title='bbox 1317 2676 1480 2769; x_wconf 92' lang='lat' dir='ltr'>lntelligo</span> <span class='ocrx_word' id='word_1_404' title='bbox 1510 2683 1555 2749; x_wconf 90' lang='lat' dir='ltr'>ad</span> <span class='ocrx_word' id='word_1_405' title='bbox 1582 2703 1712 2749; x_wconf 90' lang='lat' dir='ltr'>munus</span> <span class='ocrx_word' id='word_1_406' title='bbox 1737 2679 1915 2747; x_wconf 88' lang='lat' dir='ltr'>docendae</span> <span class='ocrx_word' id='word_1_407' title='bbox 1938 2676 2142 2742; x_wconf 84' lang='lat' dir='ltr'>adolescen-</span> <span class='ocrx_word' id='word_1_408' title='bbox 2249 2720 2251 2724; x_wconf 28' lang='grc' dir='ltr'><em>ψ</em></span> 
     </span>
     <span class='ocr_line' id='line_1_60' title="bbox 1148 2772 2142 2850; baseline -0.007 -1"><span class='ocrx_word' id='word_1_409' title='bbox 1148 2783 1216 2850; x_wconf 90' lang='lat' dir='ltr'>tiae</span> <span class='ocrx_word' id='word_1_410' title='bbox 1239 2776 1560 2850; x_wconf 90' lang='lat' dir='ltr'>Waltersbusanae</span> <span class='ocrx_word' id='word_1_411' title='bbox 1583 2784 1756 2850; x_wconf 88' lang='lat' dir='ltr'>delectum</span> <span class='ocrx_word' id='word_1_412' title='bbox 1782 2780 1886 2848; x_wconf 88' lang='lat' dir='ltr'>etiam</span> <span class='ocrx_word' id='word_1_413' title='bbox 1912 2776 2045 2844; x_wconf 91' lang='lat' dir='ltr'>iudicio</span> <span class='ocrx_word' id='word_1_414' title='bbox 2073 2772 2142 2842; x_wconf 90' lang='lat' dir='ltr'>viri</span> 
     </span>
     <span class='ocr_line' id='line_1_61' title="bbox 1149 2866 2142 2978; baseline -0.011 -25"><span class='ocrx_word' id='word_1_415' title='bbox 1149 2881 1335 2953; x_wconf 88' lang='lat' dir='ltr'>clarissimi</span> <span class='ocrx_word' id='word_1_416' title='bbox 1362 2879 1406 2955; x_wconf 90' lang='lat' dir='ltr'>D.</span> <span class='ocrx_word' id='word_1_417' title='bbox 1429 2875 1619 2950; x_wconf 76' lang='lat' dir='ltr'>Friderici</span> <span class='ocrx_word' id='word_1_418' title='bbox 1630 2876 1685 2978; x_wconf 78' lang='lat'>*),</span> <span class='ocrx_word' id='word_1_419' title='bbox 1728 2876 1825 2949; x_wconf 89' lang='lat' dir='ltr'>huuc</span> <span class='ocrx_word' id='word_1_420' title='bbox 1846 2870 2055 2947; x_wconf 83' lang='lat' dir='ltr'>Iohannem</span> <span class='ocrx_word' id='word_1_421' title='bbox 2071 2866 2142 2966; x_wconf 78' lang='lat'>**).</span> 
     </span>
     <span class='ocr_line' id='line_1_62' title="bbox 1150 2974 2142 3058; baseline -0.014 -4"><span class='ocrx_word' id='word_1_422' title='bbox 1150 2981 1241 3054; x_wconf 88' lang='lat' dir='ltr'>Cum</span> <span class='ocrx_word' id='word_1_423' title='bbox 1270 2997 1387 3053; x_wconf 87' lang='lat' dir='ltr'>autem</span> <span class='ocrx_word' id='word_1_424' title='bbox 1416 2998 1450 3053; x_wconf 91' lang='lat' dir='ltr'>et</span> <span class='ocrx_word' id='word_1_425' title='bbox 1479 3005 1594 3052; x_wconf 89' lang='lat' dir='ltr'>mores</span> <span class='ocrx_word' id='word_1_426' title='bbox 1622 2997 1656 3052; x_wconf 91' lang='lat' dir='ltr'>et</span> <span class='ocrx_word' id='word_1_427' title='bbox 1679 2983 1794 3051; x_wconf 90' lang='lat' dir='ltr'>studia</span> <span class='ocrx_word' id='word_1_428' title='bbox 1818 2975 1988 3051; x_wconf 91' lang='lat' dir='ltr'>lohaunis</span> <span class='ocrx_word' id='word_1_429' title='bbox 2016 2974 2142 3058; x_wconf 71' lang='lat' dir='ltr'>seorim,</span> 
     </span>
     <span class='ocr_line' id='line_1_63' title="bbox 1150 3079 2227 3174; baseline -0.003 -22"><span class='ocrx_word' id='word_1_430' title='bbox 1150 3085 1302 3153; x_wconf 84' lang='lat' dir='ltr'>maxime</span> <span class='ocrx_word' id='word_1_431' title='bbox 1316 3085 1429 3174; x_wconf 90' lang='lat' dir='ltr'>probo</span> <span class='ocrx_word' id='word_1_432' title='bbox 1447 3083 1618 3152; x_wconf 84' lang='lat' dir='ltr'>Friderici</span> <span class='ocrx_word' id='word_1_433' title='bbox 1633 3084 1817 3152; x_wconf 89' lang='lat' dir='ltr'>iudicium.</span> <span class='ocrx_word' id='word_1_434' title='bbox 1867 3079 1956 3150; x_wconf 89' lang='lat' dir='ltr'>Nam</span> <span class='ocrx_word' id='word_1_435' title='bbox 1978 3092 2009 3147; x_wconf 89' lang='lat' dir='ltr'>et</span> <span class='ocrx_word' id='word_1_436' title='bbox 2027 3099 2142 3145; x_wconf 86' lang='lat' dir='ltr'>mores</span> <span class='ocrx_word' id='word_1_437' title='bbox 2223 3142 2227 3149; x_wconf 86' lang='lat'>.</span> 
     </span>
     <span class='ocr_line' id='line_1_64' title="bbox 1152 3179 2143 3276; baseline -0.007 -24"><span class='ocrx_word' id='word_1_438' title='bbox 1152 3198 1235 3254; x_wconf 89' lang='lat' dir='ltr'>sunt</span> <span class='ocrx_word' id='word_1_439' title='bbox 1253 3185 1471 3272; x_wconf 88' lang='lat' dir='ltr'>integerrimi</span> <span class='ocrx_word' id='word_1_440' title='bbox 1486 3199 1520 3255; x_wconf 90' lang='lat' dir='ltr'>et</span> <span class='ocrx_word' id='word_1_441' title='bbox 1536 3186 1632 3276; x_wconf 92' lang='lat' dir='ltr'>pleni</span> <span class='ocrx_word' id='word_1_442' title='bbox 1647 3185 1752 3254; x_wconf 79' lang='lat' dir='ltr'>officii</span> <span class='ocrx_word' id='word_1_443' title='bbox 1769 3196 1802 3252; x_wconf 91' lang='lat' dir='ltr'>et</span> <span class='ocrx_word' id='word_1_444' title='bbox 1817 3179 2082 3261; x_wconf 86' lang='lat' dir='ltr'>modestissimi,</span> <span class='ocrx_word' id='word_1_445' title='bbox 2109 3189 2143 3245; x_wconf 90' lang='lat' dir='ltr'>et</span> 
     </span>
     <span class='ocr_line' id='line_1_65' title="bbox 1151 3285 2140 3371; baseline -0.01 -17"><span class='ocrx_word' id='word_1_446' title='bbox 1151 3287 1190 3354; x_wconf 92' lang='lat' dir='ltr'>in</span> <span class='ocrx_word' id='word_1_447' title='bbox 1204 3286 1315 3354; x_wconf 93' lang='lat' dir='ltr'>literis</span> <span class='ocrx_word' id='word_1_448' title='bbox 1331 3285 1377 3355; x_wconf 92' lang='lat' dir='ltr'>ita</span> <span class='ocrx_word' id='word_1_449' title='bbox 1396 3288 1515 3371; x_wconf 79' lang='lat' dir='ltr'>dextre</span> <span class='ocrx_word' id='word_1_450' title='bbox 1533 3300 1569 3356; x_wconf 91' lang='lat' dir='ltr'>et</span> <span class='ocrx_word' id='word_1_451' title='bbox 1582 3286 1730 3356; x_wconf 82' lang='lat' dir='ltr'>feliciter</span> <span class='ocrx_word' id='word_1_452' title='bbox 1743 3296 1902 3352; x_wconf 86' lang='lat' dir='ltr'>versatus</span> <span class='ocrx_word' id='word_1_453' title='bbox 1919 3295 1988 3363; x_wconf 89' lang='lat' dir='ltr'>est,</span> <span class='ocrx_word' id='word_1_454' title='bbox 2021 3293 2062 3349; x_wconf 92' lang='lat' dir='ltr'>ut</span> <span class='ocrx_word' id='word_1_455' title='bbox 2083 3302 2140 3346; x_wconf 91' lang='lat' dir='ltr'>so·</span> 
     </span>
     <span class='ocr_line' id='line_1_66' title="bbox 1151 3378 2141 3477; baseline -0.009 -22"><span class='ocrx_word' id='word_1_456' title='bbox 1151 3389 1261 3456; x_wconf 89' lang='lat' dir='ltr'>lutam</span> <span class='ocrx_word' id='word_1_457' title='bbox 1275 3387 1471 3456; x_wconf 86' lang='lat' dir='ltr'>orationem</span> <span class='ocrx_word' id='word_1_458' title='bbox 1487 3401 1522 3456; x_wconf 91' lang='lat' dir='ltr'>et</span> <span class='ocrx_word' id='word_1_459' title='bbox 1537 3411 1658 3456; x_wconf 92' lang='lat' dir='ltr'>versus</span> <span class='ocrx_word' id='word_1_460' title='bbox 1678 3386 1853 3477; x_wconf 89' lang='lat' dir='ltr'>praeclare</span> <span class='ocrx_word' id='word_1_461' title='bbox 1869 3385 2010 3454; x_wconf 88' lang='lat' dir='ltr'>scribat.</span> <span class='ocrx_word' id='word_1_462' title='bbox 2052 3378 2141 3449; x_wconf 86' lang='lat' dir='ltr'>For-</span> 
     </span>
     <span class='ocr_line' id='line_1_67' title="bbox 1151 3480 2143 3568; baseline -0.01 -12"><span class='ocrx_word' id='word_1_463' title='bbox 1151 3512 1208 3556; x_wconf 90' lang='lat' dir='ltr'>ma</span> <span class='ocrx_word' id='word_1_464' title='bbox 1230 3487 1334 3555; x_wconf 89' lang='lat' dir='ltr'>etiam</span> <span class='ocrx_word' id='word_1_465' title='bbox 1356 3488 1490 3557; x_wconf 88' lang='lat' dir='ltr'>solutae</span> <span class='ocrx_word' id='word_1_466' title='bbox 1510 3488 1681 3558; x_wconf 88' lang='lat' dir='ltr'>orationis</span> <span class='ocrx_word' id='word_1_467' title='bbox 1704 3487 1856 3556; x_wconf 91' lang='lat' dir='ltr'>colorem</span> <span class='ocrx_word' id='word_1_468' title='bbox 1879 3499 1912 3554; x_wconf 89' lang='lat' dir='ltr'>et</span> <span class='ocrx_word' id='word_1_469' title='bbox 1935 3480 2143 3568; x_wconf 84' lang='lat' dir='ltr'>elegantiam</span> 
     </span>
     <span class='ocr_line' id='line_1_68' title="bbox 1152 3579 2144 3680; baseline -0.01 -24"><span class='ocrx_word' id='word_1_470' title='bbox 1152 3585 1386 3680; x_wconf 88' lang='lat' dir='ltr'>Antiquitatis</span> <span class='ocrx_word' id='word_1_471' title='bbox 1406 3589 1523 3662; x_wconf 86' lang='lat' dir='ltr'>relect.</span> <span class='ocrx_word' id='word_1_472' title='bbox 1574 3586 1693 3676; x_wconf 87' lang='lat' dir='ltr'>Quare</span> <span class='ocrx_word' id='word_1_473' title='bbox 1717 3588 1802 3665; x_wconf 93' lang='lat' dir='ltr'>tibi,</span> <span class='ocrx_word' id='word_1_474' title='bbox 1836 3584 2012 3653; x_wconf 90' lang='lat' dir='ltr'>carissime</span> <span class='ocrx_word' id='word_1_475' title='bbox 2031 3579 2144 3661; x_wconf 87' lang='lat' dir='ltr'>Petre,</span> 
     </span>
     <span class='ocr_line' id='line_1_69' title="bbox 1153 3677 2141 3779; baseline -0.009 -22"><span class='ocrx_word' id='word_1_476' title='bbox 1153 3684 1249 3757; x_wconf 89' lang='lat' dir='ltr'>hunc</span> <span class='ocrx_word' id='word_1_477' title='bbox 1265 3685 1460 3757; x_wconf 89' lang='lat' dir='ltr'>Iohannem</span> <span class='ocrx_word' id='word_1_478' title='bbox 1477 3691 1701 3771; x_wconf 88' lang='lat' dir='ltr'>commendo,</span> <span class='ocrx_word' id='word_1_479' title='bbox 1728 3702 1832 3779; x_wconf 91' lang='lat' dir='ltr'>teque</span> <span class='ocrx_word' id='word_1_480' title='bbox 1849 3708 1954 3774; x_wconf 90' lang='lat' dir='ltr'>rogo,</span> <span class='ocrx_word' id='word_1_481' title='bbox 1975 3698 2014 3752; x_wconf 90' lang='lat' dir='ltr'>ut</span> <span class='ocrx_word' id='word_1_482' title='bbox 2030 3677 2141 3750; x_wconf 92' lang='lat' dir='ltr'>hone-</span> 
     </span>
     <span class='ocr_line' id='line_1_70' title="bbox 1152 3782 2141 3878; baseline -0.01 -21"><span class='ocrx_word' id='word_1_483' title='bbox 1152 3789 1303 3858; x_wconf 87' lang='lat' dir='ltr'>stissimo</span> <span class='ocrx_word' id='word_1_484' title='bbox 1318 3788 1464 3859; x_wconf 89' lang='lat' dir='ltr'>Senatui</span> <span class='ocrx_word' id='word_1_485' title='bbox 1480 3804 1592 3860; x_wconf 88' lang='lat' dir='ltr'>vestro</span> <span class='ocrx_word' id='word_1_486' title='bbox 1607 3815 1725 3859; x_wconf 89' lang='lat' dir='ltr'>meum</span> <span class='ocrx_word' id='word_1_487' title='bbox 1745 3791 1789 3857; x_wconf 88' lang='lat' dir='ltr'>de</span> <span class='ocrx_word' id='word_1_488' title='bbox 1807 3789 1884 3878; x_wconf 92' lang='lat' dir='ltr'>ipso</span> <span class='ocrx_word' id='word_1_489' title='bbox 1900 3782 2141 3857; x_wconf 89' lang='lat' dir='ltr'>testimouium</span> 
     </span>
     <span class='ocr_line' id='line_1_71' title="bbox 1153 3884 2143 3981; baseline -0.008 -23"><span class='ocrx_word' id='word_1_490' title='bbox 1153 3913 1315 3981; x_wconf 82' lang='lat' dir='ltr'>exponas.</span> <span class='ocrx_word' id='word_1_491' title='bbox 1380 3889 1530 3961; x_wconf 88' lang='lat' dir='ltr'>Gaudeo</span> <span class='ocrx_word' id='word_1_492' title='bbox 1545 3892 1588 3961; x_wconf 75' lang='lat' dir='ltr'>&#39;te</span> <span class='ocrx_word' id='word_1_493' title='bbox 1610 3893 1672 3961; x_wconf 89' lang='lat' dir='ltr'>tali</span> <span class='ocrx_word' id='word_1_494' title='bbox 1696 3889 1865 3960; x_wconf 88' lang='lat' dir='ltr'>modestia</span> <span class='ocrx_word' id='word_1_495' title='bbox 1889 3900 1923 3955; x_wconf 90' lang='lat' dir='ltr'>et</span> <span class='ocrx_word' id='word_1_496' title='bbox 1945 3884 2143 3953; x_wconf 89' lang='lat' dir='ltr'>eruditione</span> 
     </span>
     <span class='ocr_line' id='line_1_72' title="bbox 1151 3983 2144 4082; baseline -0.003 -24"><span class='ocrx_word' id='word_1_497' title='bbox 1151 3990 1351 4082; x_wconf 92' lang='lat' dir='ltr'>praeditum</span> <span class='ocrx_word' id='word_1_498' title='bbox 1373 3993 1643 4081; x_wconf 90' lang='lat' dir='ltr'>gubernatorem</span> <span class='ocrx_word' id='word_1_499' title='bbox 1669 3988 1809 4061; x_wconf 91' lang='lat' dir='ltr'>scholae</span> <span class='ocrx_word' id='word_1_500' title='bbox 1831 3983 2036 4057; x_wconf 85' lang='lat' dir='ltr'>habiturum</span> <span class='ocrx_word' id='word_1_501' title='bbox 2061 4006 2144 4055; x_wconf 88' lang='lat' dir='ltr'>esse.</span> 
     </span>
     <span class='ocr_line' id='line_1_73' title="bbox 1153 4085 2141 4188; baseline -0.007 -29"><span class='ocrx_word' id='word_1_502' title='bbox 1153 4091 1250 4178; x_wconf 86' lang='lat' dir='ltr'>Quid</span> <span class='ocrx_word' id='word_1_503' title='bbox 1266 4092 1359 4160; x_wconf 91' lang='lat' dir='ltr'>enim</span> <span class='ocrx_word' id='word_1_504' title='bbox 1376 4088 1559 4182; x_wconf 90' lang='lat' dir='ltr'>pulchrius</span> <span class='ocrx_word' id='word_1_505' title='bbox 1574 4119 1680 4188; x_wconf 89' lang='lat' dir='ltr'>quam</span> <span class='ocrx_word' id='word_1_506' title='bbox 1697 4113 1887 4162; x_wconf 89' lang='lat' dir='ltr'>cousensus</span> <span class='ocrx_word' id='word_1_507' title='bbox 1905 4087 2017 4156; x_wconf 91' lang='lat' dir='ltr'>nostri</span> <span class='ocrx_word' id='word_1_508' title='bbox 2036 4085 2141 4155; x_wconf 90' lang='lat' dir='ltr'>colle·</span> 
     </span>
     <span class='ocr_line' id='line_1_74' title="bbox 1151 4185 2143 4284; baseline -0.007 -25"><span class='ocrx_word' id='word_1_509' title='bbox 1151 4192 1219 4281; x_wconf 89' lang='lat' dir='ltr'>gii,</span> <span class='ocrx_word' id='word_1_510' title='bbox 1260 4193 1344 4284; x_wconf 90' lang='lat' dir='ltr'>quia</span> <span class='ocrx_word' id='word_1_511' title='bbox 1366 4207 1456 4261; x_wconf 90' lang='lat' dir='ltr'>certe</span> <span class='ocrx_word' id='word_1_512' title='bbox 1479 4195 1519 4263; x_wconf 92' lang='lat' dir='ltr'>in</span> <span class='ocrx_word' id='word_1_513' title='bbox 1542 4195 1609 4265; x_wconf 94' lang='lat' dir='ltr'>isto</span> <span class='ocrx_word' id='word_1_514' title='bbox 1633 4210 1735 4264; x_wconf 90' lang='lat' dir='ltr'>coetu</span> <span class='ocrx_word' id='word_1_515' title='bbox 1757 4189 1892 4263; x_wconf 91' lang='lat' dir='ltr'>Christi</span> <span class='ocrx_word' id='word_1_516' title='bbox 1913 4203 1949 4258; x_wconf 89' lang='lat' dir='ltr'>et</span> <span class='ocrx_word' id='word_1_517' title='bbox 1967 4185 2143 4257; x_wconf 87' lang='lat' dir='ltr'>Ecclesiae</span> 
     </span>
     <span class='ocr_line' id='line_1_75' title="bbox 1151 4283 2144 4394; baseline -0.008 -31"><span class='ocrx_word' id='word_1_518' title='bbox 1151 4283 1351 4389; x_wconf 73' lang='grc' dir='ltr'><em>ἡγούμενοι</em></span> <span class='ocrx_word' id='word_1_519' title='bbox 1366 4291 1401 4364; x_wconf 85' lang='grc' dir='ltr'>οἱ</span> <span class='ocrx_word' id='word_1_520' title='bbox 1416 4291 1672 4394; x_wconf 72' lang='grc' dir='ltr'>μυσταγωγοί.</span> <span class='ocrx_word' id='word_1_521' title='bbox 1725 4291 1803 4365; x_wconf 91' lang='lat' dir='ltr'>Oro</span> <span class='ocrx_word' id='word_1_522' title='bbox 1823 4305 1938 4361; x_wconf 89' lang='lat' dir='ltr'>autem</span> <span class='ocrx_word' id='word_1_523' title='bbox 1954 4286 2084 4369; x_wconf 89' lang='lat' dir='ltr'>Deum,</span> <span class='ocrx_word' id='word_1_524' title='bbox 2104 4299 2144 4355; x_wconf 92' lang='lat' dir='ltr'>ut</span> 
     </span>
     <span class='ocr_line' id='line_1_76' title="bbox 1152 4388 2144 4488; baseline -0.006 -28"><span class='ocrx_word' id='word_1_525' title='bbox 1152 4417 1216 4462; x_wconf 93' lang='lat' dir='ltr'>nos</span> <span class='ocrx_word' id='word_1_526' title='bbox 1239 4417 1361 4462; x_wconf 90' lang='lat' dir='ltr'>omnes</span> <span class='ocrx_word' id='word_1_527' title='bbox 1383 4411 1497 4466; x_wconf 85' lang='lat' dir='ltr'>servet</span> <span class='ocrx_word' id='word_1_528' title='bbox 1517 4411 1552 4466; x_wconf 91' lang='lat' dir='ltr'>et</span> <span class='ocrx_word' id='word_1_529' title='bbox 1575 4411 1681 4488; x_wconf 88' lang='lat' dir='ltr'>regat.</span> <span class='ocrx_word' id='word_1_530' title='bbox 1733 4394 1840 4465; x_wconf 89' lang='lat' dir='ltr'>Mitto</span> <span class='ocrx_word' id='word_1_531' title='bbox 1858 4391 1923 4462; x_wconf 95' lang='lat' dir='ltr'>tibi</span> <span class='ocrx_word' id='word_1_532' title='bbox 1945 4388 2144 4471; x_wconf 85' lang='lat' dir='ltr'>versiculos,</span> 
     </span>
     <span class='ocr_line' id='line_1_77' title="bbox 1151 4489 2143 4591; baseline -0.009 -29"><span class='ocrx_word' id='word_1_533' title='bbox 1151 4519 1304 4586; x_wconf 90' lang='lat' dir='ltr'>quorum</span> <span class='ocrx_word' id='word_1_534' title='bbox 1325 4496 1428 4565; x_wconf 91' lang='lat' dir='ltr'>lectio</span> <span class='ocrx_word' id='word_1_535' title='bbox 1454 4497 1613 4568; x_wconf 81' lang='lat' dir='ltr'>fortassis</span> <span class='ocrx_word' id='word_1_536' title='bbox 1636 4497 1772 4591; x_wconf 89' lang='lat' dir='ltr'>aliquid</span> <span class='ocrx_word' id='word_1_537' title='bbox 1792 4495 1858 4566; x_wconf 92' lang='lat' dir='ltr'>tibi</span> <span class='ocrx_word' id='word_1_538' title='bbox 1873 4490 2063 4581; x_wconf 89' lang='lat' dir='ltr'>voluptatis</span> <span class='ocrx_word' id='word_1_539' title='bbox 2080 4489 2143 4555; x_wconf 86' lang='lat' dir='ltr'>ad-</span> 
     </span>
     <span class='ocr_line' id='line_1_78' title="bbox 1151 4589 2142 4685; baseline -0.002 -22"><span class='ocrx_word' id='word_1_540' title='bbox 1151 4596 1249 4668; x_wconf 89' lang='lat' dir='ltr'>leret.</span> <span class='ocrx_word' id='word_1_541' title='bbox 1313 4593 1410 4664; x_wconf 88' lang='lat' dir='ltr'>Bene</span> <span class='ocrx_word' id='word_1_542' title='bbox 1435 4599 1529 4685; x_wconf 88' lang='lat' dir='ltr'>vale,</span> <span class='ocrx_word' id='word_1_543' title='bbox 1569 4612 1602 4669; x_wconf 90' lang='lat' dir='ltr'>et</span> <span class='ocrx_word' id='word_1_544' title='bbox 1626 4600 1808 4669; x_wconf 92' lang='lat' dir='ltr'>interdum</span> <span class='ocrx_word' id='word_1_545' title='bbox 1830 4597 1874 4665; x_wconf 90' lang='lat' dir='ltr'>ad</span> <span class='ocrx_word' id='word_1_546' title='bbox 1898 4616 1963 4662; x_wconf 92' lang='lat' dir='ltr'>uos</span> <span class='ocrx_word' id='word_1_547' title='bbox 1988 4589 2142 4661; x_wconf 90' lang='lat' dir='ltr'>scribito.</span> 
     </span>
    </p>
   </div>
   <div class='ocr_carea' id='block_1_24' title="bbox 1151 4691 1460 4772">
    <p class='ocr_par' dir='ltr' id='par_1_24' title="bbox 1151 4691 1460 4772">
     <span class='ocr_line' id='line_1_79' title="bbox 1151 4691 1460 4772; baseline 0.023 -9"><span class='ocrx_word' id='word_1_548' title='bbox 1151 4694 1185 4768; x_wconf 84' lang='lat'>7.</span> <span class='ocrx_word' id='word_1_549' title='bbox 1202 4691 1331 4766; x_wconf 90' lang='lat' dir='ltr'>Octob.</span> <span class='ocrx_word' id='word_1_550' title='bbox 1349 4694 1460 4772; x_wconf 78' lang='lat'>1543.</span> 
     </span>
    </p>
   </div>
   <div class='ocr_carea' id='block_1_25' title="bbox 1665 4788 2092 4892">
    <p class='ocr_par' dir='ltr' id='par_1_25' title="bbox 1665 4788 2092 4892">
     <span class='ocr_line' id='line_1_80' title="bbox 1665 4788 2092 4892; baseline -0.009 -23"><span class='ocrx_word' id='word_1_551' title='bbox 1665 4794 1853 4892; x_wconf 87' lang='lat' dir='ltr'>Philippus</span> <span class='ocrx_word' id='word_1_552' title='bbox 1868 4788 2092 4866; x_wconf 83' lang='lat' dir='ltr'>Melanthea.</span> 
     </span>
    </p>
   </div>
   <div class='ocr_carea' id='block_1_26' title="bbox 1182 5050 1975 5538">
    <p class='ocr_par' dir='ltr' id='par_1_26' title="bbox 1184 5050 1586 5120">
     <span class='ocr_line' id='line_1_81' title="bbox 1184 5050 1586 5120; baseline 0.002 -15"><span class='ocrx_word' id='word_1_553' title='bbox 1184 5051 1212 5120; x_wconf 64' lang='lat' dir='ltr'>l)</span> <span class='ocrx_word' id='word_1_554' title='bbox 1231 5050 1335 5106; x_wconf 84' lang='lat' dir='ltr'>Ioonn.</span> <span class='ocrx_word' id='word_1_555' title='bbox 1348 5051 1586 5106; x_wconf 80' lang='lat' dir='ltr'>Messersctsmidt.</span> 
     </span>
    </p>

    <p class='ocr_par' dir='ltr' id='par_1_27' title="bbox 1182 5132 1719 5204">
     <span class='ocr_line' id='line_1_82' title="bbox 1182 5132 1719 5204; baseline -0.006 -15"><span class='ocrx_word' id='word_1_556' title='bbox 1182 5136 1211 5204; x_wconf 78' lang='lat'>4)</span> <span class='ocrx_word' id='word_1_557' title='bbox 1228 5136 1281 5189; x_wconf 81' lang='lat' dir='ltr'>Est</span> <span class='ocrx_word' id='word_1_558' title='bbox 1295 5138 1369 5189; x_wconf 79' lang='lat' dir='ltr'>enim</span> <span class='ocrx_word' id='word_1_559' title='bbox 1385 5139 1458 5188; x_wconf 78' lang='lat' dir='ltr'>doct.</span> <span class='ocrx_word' id='word_1_560' title='bbox 1472 5153 1528 5188; x_wconf 88' lang='lat' dir='ltr'>uon</span> <span class='ocrx_word' id='word_1_561' title='bbox 1543 5134 1622 5189; x_wconf 80' lang='lat' dir='ltr'>habet</span> <span class='ocrx_word' id='word_1_562' title='bbox 1636 5132 1719 5203; x_wconf 83' lang='lat' dir='ltr'>Sneg.</span> 
     </span>
    </p>

    <p class='ocr_par' dir='ltr' id='par_1_28' title="bbox 1185 5215 1757 5287">
     <span class='ocr_line' id='line_1_83' title="bbox 1185 5215 1757 5287; baseline -0.005 -15"><span class='ocrx_word' id='word_1_563' title='bbox 1185 5220 1213 5287; x_wconf 80' lang='grc'>5)</span> <span class='ocrx_word' id='word_1_564' title='bbox 1232 5217 1302 5276; x_wconf 84' lang='lat' dir='ltr'>cod.</span> <span class='ocrx_word' id='word_1_565' title='bbox 1316 5217 1412 5283; x_wconf 74' lang='lat' dir='ltr'>Melan.</span> <span class='ocrx_word' id='word_1_566' title='bbox 1425 5218 1513 5271; x_wconf 82' lang='lat' dir='ltr'>addit:</span> <span class='ocrx_word' id='word_1_567' title='bbox 1535 5234 1611 5271; x_wconf 77' lang='lat' dir='ltr'>anno</span> <span class='ocrx_word' id='word_1_568' title='bbox 1622 5220 1698 5269; x_wconf 84' lang='lat' dir='ltr'>dom.</span> <span class='ocrx_word' id='word_1_569' title='bbox 1713 5215 1757 5269; x_wconf 77' lang='lat' dir='ltr'>ts.</span> 
     </span>
    </p>

    <p class='ocr_par' dir='ltr' id='par_1_29' title="bbox 1184 5294 1975 5458">
     <span class='ocr_line' id='line_1_84' title="bbox 1184 5294 1975 5372; baseline -0.006 -18"><span class='ocrx_word' id='word_1_570' title='bbox 1184 5301 1214 5372; x_wconf 80' lang='lat'>6)</span> <span class='ocrx_word' id='word_1_571' title='bbox 1234 5300 1303 5357; x_wconf 87' lang='lat' dir='ltr'>Cod.</span> <span class='ocrx_word' id='word_1_572' title='bbox 1318 5299 1412 5357; x_wconf 82' lang='lat' dir='ltr'>ldebu.</span> <span class='ocrx_word' id='word_1_573' title='bbox 1425 5299 1559 5355; x_wconf 79' lang='lat' dir='ltr'>Salutate</span> <span class='ocrx_word' id='word_1_574' title='bbox 1572 5299 1729 5353; x_wconf 82' lang='lat' dir='ltr'>Portunum</span> <span class='ocrx_word' id='word_1_575' title='bbox 1740 5304 1768 5350; x_wconf 84' lang='lat' dir='ltr'>et</span> <span class='ocrx_word' id='word_1_576' title='bbox 1780 5294 1975 5355; x_wconf 78' lang='lat' dir='ltr'>Panerotiem.</span> 
     </span>
     <span class='ocr_line' id='line_1_85' title="bbox 1186 5384 1368 5458; baseline -0.005 -17"><span class='ocrx_word' id='word_1_577' title='bbox 1186 5386 1215 5455; x_wconf 83' lang='grc'>*)</span> <span class='ocrx_word' id='word_1_578' title='bbox 1234 5384 1368 5458; x_wconf 82' lang='lat' dir='ltr'>Myconii.</span> 
     </span>
    </p>

    <p class='ocr_par' dir='ltr' id='par_1_30' title="bbox 1186 5467 1538 5538">
     <span class='ocr_line' id='line_1_86' title="bbox 1186 5467 1538 5538; baseline 0.006 -14"><span class='ocrx_word' id='word_1_579' title='bbox 1186 5470 1235 5538; x_wconf 77' lang='grc'>**)</span> <span class='ocrx_word' id='word_1_580' title='bbox 1254 5471 1294 5528; x_wconf 77' lang='lat' dir='ltr'>lo‘.</span> <span class='ocrx_word' id='word_1_581' title='bbox 1308 5467 1538 5526; x_wconf 83' lang='lat' dir='ltr'>Messersshmidt·</span> 
     </span>
    </p>
   </div>
   <div class='ocr_carea' id='block_1_27' title="bbox 0 0 2451 6420">
    <p class='ocr_par' dir='ltr' id='par_1_31' title="bbox 0 0 2451 6420">
     <span class='ocr_line' id='line_1_87' title="bbox 0 0 2451 6420; baseline 0 0"><span class='ocrx_word' id='word_1_582' title='bbox 0 0 2451 6420; x_wconf 95' lang='lat' dir='ltr'> </span> 
     </span>
    </p>
   </div>
  </div>
 </body>
</html>
