4868 6420
198 331 272 413 891
392 397 396 406 .

201 507 417 583 calamitate:
442 506 521 578 vult
546 506 651 577 etiam
668 531 812 600 parcere
826 509 889 597 iis,
915 510 977 605 qui
994 511 1198 581 misericor-

200 614 260 685 dia
280 634 362 701 erga
383 608 472 679 alios
492 609 717 685 adficiuntur.
769 610 910 685 Virtute
924 614 1030 686 etiam
1047 613 1200 684 civitatis

203 709 362 788 Gotthae
393 736 610 786 moveamur.
668 711 760 792 Nam
789 716 865 786 eius
889 717 960 786 loci
981 713 1140 786 Ecclesia
1164 729 1200 788 et

203 814 333 892 Schola
354 815 411 905 pie
435 828 626 904 reguntur,
647 830 682 887 et
698 818 849 887 multum
868 832 1017 911 prosunt
1031 821 1096 889 toti
1110 819 1200 888 vici-

200 921 295 995 niae.
334 915 384 987 Et
400 917 437 985 in
452 917 586 1008 oppido
602 918 703 988 firma
722 922 935 991 et'salutaris
950 936 1002 992 est
1018 922 1201 991 ministro-

201 1048 284 1095 rum
299 1017 488 1108 Evangelii
505 1034 538 1090 ct
553 1018 704 1091 Senatus
717 1019 936 1107 Concordia,
961 1038 995 1094 et
1013 1024 1201 1116 disciplina

203 1122 352 1197 honeste
391 1122 641 1192 communibus
683 1125 841 1194 consiliis
876 1127 1089 1198 defenditur.
1149 1122 1203 1196 Ac

205 1227 358 1300 Senatus
382 1224 509 1292 studiis
530 1224 714 1295 literarum
732 1227 826 1297 favet
850 1253 959 1322 eaque
975 1228 1203 1297 mediocriter

206 1334 361 1402 adiuvat.
389 1324 485 1394 Haec
500 1341 584 1397 sunt
601 1352 682 1398 vera
697 1329 842 1420 politica
859 1347 1085 1416 ornamenta,
1099 1331 1203 1418 longe

206 1434 359 1511 maiora,
386 1453 492 1522 quam
517 1453 601 1520 opes
623 1445 683 1501 aut
701 1433 860 1522 imperia.
913 1432 1114 1523 Cogitemus
1139 1458 1202 1502 au-

207 1551 299 1613 tem,
325 1557 384 1602 eos
406 1553 482 1599 non
503 1533 619 1600 solum
641 1547 787 1625 propter
809 1558 872 1604 sua
895 1538 1013 1628 aliqua
1037 1537 1131 1625 vitia¹
1146 1533 1205 1630 (nt

208 1661 346 1709 summa
367 1634 551 1722 diligentia
574 1658 648 1703 non
671 1650 769 1706 cavet
802 1662 925 1707 omnes
957 1636 1111 1730 lapsus),
1143 1640 1203 1707 sed

592 305 596 315 '
708 267 712 272 ’
781 331 1216 414 rrrsronauon
1268 339 1470 418 omn.
1524 340 1654 420 rete.

2179 349 2253 425 802

2106 526 2251 597 cattos.

2114 622 2237 647 Μ

1247 511 1445 640 Q.

1551 718 1611 805 M.
1638 654 1948 836 Meienbnrgio.

1352 874 1439 947 Epist.
1457 878 1505 936 lib.
1521 879 1555 935 V.
1578 901 1606 954 p.
1617 879 1677 938 59³.

1250 1010 1499 1090 Michaeli
1522 1016 1883 1119 Meienburgio,
1909 1022 2055 1097 consuli
2078 1020 2250 1100 Nerthu-

1695 1151 1802 1198 sane.
1880 1156 1889 1169 '

1251 1231 1296 1323 S.
1322 1249 1367 1324 D.
1419 1253 1488 1325 Dei
1510 1259 1680 1330 beneficio
1703 1275 1797 1331 recte
1817 1262 1939 1332 valent
1960 1261 2046 1347 lilii,
2073 1261 2145 1343 †et
2170 1289 2249 1356 pro-

1252 1357 1376 1427 ficiunt
1391 1358 1430 1425 in
1447 1360 1559 1430 literis
1578 1377 1612 1432 et
1629 1388 1770 1434 morum
1788 1365 2044 1453 gubernatione
2056 1364 2073 1388 '¹
2084 1361 2131 1460 *).
2157 1364 2249 1438 Deus

1254 1483 1312 1528 eos
1325 1475 1437 1531 servet
1457 1478 1491 1533 et
1508 1478 1614 1554 regat.
1667 1462 1725 1536 Ad
1741 1461 2031 1561 Landgravium
2053 1469 2153 1540 misit
2176 1461 2247 1539 Ca·

1255 1558 1358 1631 rolus
1376 1560 1573 1656 Imperator
1589 1561 1823 1652 Conriciam,
1852 1585 1886 1640 et
1909 1567 1974 1639 hos
1988 1559 2145 1664 qua'tuor
2166 1571 2249 1642 arti·

1254 1666 1353 1735 culos
1369 1667 1598 1757 significavit,
1623 1688 1662 1744 ut
1677 1670 1974 1743 Brunsvicensem
1989 1687 2135 1760 tractet,
2162 1675 2247 1744 sicut

208 1740 316 1813 ‘llam
337 1749 483 1829 l³s⁰llter
513 1738 713 1829 exemplum
736 1740 920 1829 ⁶³⁵llg³l⁰⁸
949 1764 1039 1826 esse,
1074 1755 1115 1809 ul
1140 1763 1206 1808 ¹¹⁰⁸
1255 1766 1438 1860 Principes
1458 1786 1577 1864 captos
1600 1777 1743 1845 tractari
1766 1778 1884 1860 decet,
1910 1776 2102 1846 deindene
2122 1801 2249 1869 propo·

209 1843 362 1916 aliorum
389 1862 502 1929 poena
530 1841 799 1911 commonefacti
829 1843 940 1912 simus
963 1843 1205 1915 modestiores.

208 1944 293 2016 Non
315 1953 455 2034 putate,
479 1963 580 2025 casu,
607 1943 683 2011 sine
706 1945 855 2013 consilio
880 1943 949 2014 Dei
974 1948 1116 2037 politias
1138 1948 1205 2015 llo-

209 2072 288 2118 rere
319 2058 381 2115 aut
404 2043 556 2117 concuti.
607 2043 700 2115 Nota
721 2059 772 2116 est
796 2048 890 2115 enim
905 2074 989 2116 vox:
1015 2047 1092 2118 Nisi
1108 2046 1204 2119 Deus

47 2156 49 2162 '
118 2176 119 2179 ’
209 2147 416 2221 custodierit
432 2146 608 2216 civitatem
626 2161 691 2217 etc.
745 2146 828 2218 Ideo
851 2172 1080 2239 agnoscamus
1102 2176 1206 2240 prae-

211 2252 361 2322 sentiam
381 2246 467 2330 Dei,
503 2261 536 2318 et
557 2249 667 2317 simus
699 2250 943 2340 diligentiores
974 2254 1013 2321 in
1042 2254 1204 2341 regendis

209 2354 389 2434 moribus,
415 2373 630 2437 armemus,
654 2365 695 2422 ut
710 2376 774 2422 nos
794 2369 908 2425 servet
925 2370 958 2426 et
975 2370 1083 2446 regat.
1135 2353 1204 2427 Die

210 2459 271 2531 22.
287 2454 377 2524 Nov.
391 2473 433 2527 ῑῡ
454 2448 562 2526 1545.

211 2694 454 2706 μω..-
465 2694 507 2699 ..-Α
549 2694 560 2698 .,
576 2692 841 2701 -..-·-....-...........-.-
851 2697 860 2702 ,
873 2696 917 2702 ψ..
931 2697 974 2702 0...
987 2698 1046 2703 .-.-

1048 2697 1085 2704 a..
1094 2696 1204 2704 ..-—.--

207 2868 276 2941 No.
293 2843 407 2938 5316.

215 2962 388 2997 Μ

1053 2883 1112 2943 23·
1127 2874 1206 2940 Nov.

1064 2969 1185 2993 M

494 2990 707 3157 Thomas,
738 3049 924 3137 Abbati.

1255 1886 1317 1942 nat
1339 1872 1446 1941 nimis
1467 1876 1574 1946 duras
1600 1878 1839 1960 conditiones,
1866 1902 1902 1946 se
1917 1904 2061 1972 quoque
2077 1880 2183 1949 offert
2206 1881 2248 1949 ad

1257 1999 1331 2043 rem
1351 1980 1651 2066 componendam,
1676 1981 1781 2067 item,
1806 1994 1846 2050 ut
1872 1996 2037 2073 parcatur
2058 1983 2250 2068 nubilibus,

1256 2078 1318 2170 qui
1344 2079 1453 2146 secuti
1478 2096 1561 2150 sunt
1584 2079 1898 2163 Brunsvicensem,
1925 2083 2082 2177 denique
2108 2109 2154 2154 ne
2175 2084 2249 2154 aliis

1255 2203 1352 2249 nunc
1374 2180 1566 2252 inferamus
1588 2185 1734 2259 bellum.
1793 2182 1927 2265 Aiunt,
1961 2202 2157 2257 venturum
2178 2179 2250 2257 Ca-

1257 2279 1375 2353 ralam
1391 2286 1435 2352 ad
1450 2282 1687 2361 Conventum.
1740 2286 1809 2359 Sed
1825 2290 1869 2357 de
1885 2289 2065 2382 colloquio
2083 2291 2178 2360 nulli
2193 2292 2251 2360 ad-

1256 2381 1327 2453 huc
1350 2400 1435 2456 sunt
1455 2411 1645 2459 sermones.
1703 2389 1743 2461 Si
1767 2391 1854 2484 quid
1878 2393 1922 2460 de
1945 2388 2140 2463 Conventu
2171 2392 2251 2463 novi

1257 2487 1407 2557 audictis
1430 2505 1492 2562 aut
1515 2494 1559 2560 de
1582 2493 1662 2561 aliis
1678 2496 1802 2578 rebus,
1828 2492 1935 2564 etiam
1952 2496 2146 2566 nobiscum
2162 2520 2252 2566 com-

1257 2591 1448 2662 municate.
1499 2592 1628 2686 Spero,
1656 2621 1721 2666 nos
1737 2595 1879 2689 Lipsiae
1903 2597 1942 2664 in
1964 2599 2147 2669 nundinis
2171 2622 2253 2670 con-

1256 2708 1426 2764 venturos
1441 2717 1524 2770 esse.
1576 2695 1674 2767 Bene
1691 2701 1815 2774 valete.
1840 2699 1902 2774 28.
1918 2698 2097 2776 Novemb.

1510 2792 1515 2804 ¹
2000 2799 2207 2898 Philippus.

243 3209 317 3283 esu.
337 3207 504 3290 antigrapho
518 3207 585 3264 Mer.
605 3207 633 3262 a
647 3210 709 3263 eoa.
722 3210 803 3266 uasa
819 3212 880 3267 vn.
894 3211 980 3268 xxv.
999 3212 1049 3268 ror.
1063 3213 1123 3292 aa,
1141 3215 1206 3269 mur
1302 3184 1321 3234 '·

229 3350 232 3355 ἱ
311 3281 470 3349 descriptae
486 3278 513 3332 S.
528 3277 562 3333 V.
577 3279 610 3331 de
626 3277 751 3334 Wettio.

210 3418 424 3498 Reverendo
441 3420 518 3491 viro
535 3415 738 3491 eruditione
751 3432 783 3491 et
801 3420 973 3522 [virtute]
988 3424 1208 3521 praestanti,

210 3525 381 3599 Domino
409 3521 446 3595 T
455 3518 633 3608 homae,
674 3521 816 3594 Abbati
845 3517 1009 3621 Collegit
1033 3525 1206 3629 Herssel-

399 3623 541 3713 densis,
566 3619 732 3696 Patrono
746 3624 1016 3717 studiosorum,

211 3748 256 3838 S.
279 3763 324 3835 Ι).
375 3761 585 3833 Reverende
608 3759 774 3835 Domine.
835 3761 915 3835 Etsi
936 3767 1027 3849 seio,
1062 3767 1209 3853 collegia

211 3882 327 3939 vestra
342 3866 438 3934 varie
453 3865 594 3934 onerari
608 3878 642 3933 et
657 3865 823 3956 expilari,
841 3880 958 3936 tamen
975 3868 1208 3951 audi0‚·tuam

146 4029 149 4034 ,
211 3971 379 4065 pietatem
402 3990 481 4057 erga
505 3966 681 4036 studiosos
707 3967 948 4041 literarumet
963 3970 1121 4040 veritatis
1143 3963 1209 4038 ho-

213 4086 311 4144 neste
328 4069 544 4163 praedicari,
571 4067 693 4160 quain
709 4092 747 4136 re
763 4071 866 4138 credo
884 4084 937 4158 te,
964 4098 1027 4162 pro
1046 4085 1105 4141 tua
1121 4096 1207 4162 pru-

192 4174 352 4259 ¹dentia,
385 4172 596 4261 cogitatione
621 4172 665 4239 de
687 4171 889 4261 posteritate
918 4175 1065 4242 moveri.
1131 4173 1210 4242 Nisi

213 4278 310 4349 enim
336 4299 432 4344 nunc
455 4268 511 4357 hi,
543 4272 605 4365 qui
629 4286 793 4363 presunt,
825 4276 920 4344 bona
946 4275 1086 4364 ingenia
1112 4277 1211 4344 love-

213 4382 324 4464 bunt,
352 4391 387 4446 et
408 4375 520 4444 literis
542 4375 654 4443 excoli
678 4377 870 4460 curabunt,
904 4379 1017 4470 qualis
1041 4378 1108 4446 erit
1130 4379 1211 4447 bar-

213 4483 350 4564 baries,
384 4478 506 4571 quales
538 4478 703 4545 tenebrae
734 4479 778 4546 ad
818 4480 995 4570 posteros!
1060 4478 1143 4547 ldeo
1178 4493 1211 4548 te

213 4597 359 4678 propter
377 4582 482 4648 deum
497 4603 560 4648 oro
576 4592 610 4647 et
625 4579 799 4664 obtestor,
825 4595 866 4650 ut
883 4582 920 4649 in
938 4578 1004 4652 hoc
1020 4605 1147 4670 genere
1165 4582 1211 4650 li-

213 4687 435 4758 beralitatem
453 4704 620 4750 exerceas.
669 4678 890 4752 Commendo
908 4684 1016 4773 igitur
1032 4685 1099 4754 tibi
1115 4679 1211 4753 hunc

215 4789 494 4863 adolescentem,
520 4784 584 4877 qui
602 4798 738 4869 narrat,
765 4786 832 4854 tihi
847 4798 952 4855 notos
969 4801 1004 4858 et
1019 4787 1212 4855 familiares

215 4915 288 4962 esse
306 4911 389 4959 suos
415 4898 577 4978 parentes
602 4885 640 4953 in
665 4888 797 4978 oppido
814 4879 1005 4964 Creussen.
1057 4884 1106 4959 Et
1123 4888 1212 4959 tiro-

148 5037 150 5041 ·
214 4994 350 5065 oinium
366 4988 439 5058 suis
455 4989 493 5056 in
508 4988 633 5058 studiis
649 5011 747 5079 spem
762 4991 935 5076 ostendit,
951 5017 1030 5061 eum
1047 4992 1211 5084 aliquan·

214 5097 260 5166 do
283 5093 366 5165 usui
385 5094 462 5161 fore
485 5090 713 5183 reipublicae.
763 5091 861 5163 Bene
881 5107 915 5163 et
933 5095 1108 5165 foeliciter
1122 5095 1211 5168 vale.

160 5212 163 5217 '
213 5195 282 5268 Die
300 5197 362 5271 23.
378 5190 590 5264 Novembris
613 5187 723 5265 1645.
1003 5296 1007 5303 Ι

683 5342 882 5442 Philippus
896 5343 1122 5425 Melanthon.

1532 3371 1679 3456 leucii.
1710 3370 1968 3463 Camerario.

1326 3526 1410 3598 Epist·
1424 3529 1457 3582 ad
1473 3527 1613 3585 Camerar.
1624 3550 1652 3602 p.
1668 3532 1720 3586 516
1731 3551 1772 3604 sq.
1792 3534 1847 3602 (ed.
1861 3535 1948 3590 Lond.
1964 3536 2011 3591 lib.
2025 3537 2076 3590 lV.
2094 3559 2121 3611 p.
2138 3542 2221 3611 6673.

1258 3675 1483 3757 Clarissimo
1506 3688 1583 3759 viro
1604 3686 1806 3761 eruditione
1832 3701 1863 3761 et
1892 3693 2021 3764 virtute
2045 3704 2259 3792 praestanti

1283 3785 1311 3857 I
1316 3784 1528 3861 oachimo
1553 3786 1589 3863 C
1595 3794 1832 3864 amerario
1857 3788 2089 3891 Pubergensi
2113 3805 2234 3876 amico

1645 3920 1713 3967 suo
1735 3920 1863 3972 caress.

1258 4011 1302 4102 S.
1318 4027 1363 4103 D.
1415 4027 1594 4125 Σωτηρία
1611 4025 1680 4105 οὖν
1697 4030 1817 4106 θυτὲα
1827 4033 1921 4106 Filio
1940 4033 2010 4107 Dei
2023 4041 2178 4113 domino
2195 4069 2257 4114 no-

1260 4150 1332 4204 stro
1350 4131 1428 4203 lesu
1443 4130 1607 4220 Christo,
1645 4150 1679 4206 et
1697 4161 1781 4209 voce
1795 4136 1974 4213 Ecclesiae
1990 4153 2072 4211 tuae
2087 4146 2257 4217 domesti-

1260 4261 1331 4322 cae,
1347 4249 1382 4306 et
1396 4249 1516 4306 nostra
1532 4239 1751 4309 confessione
1759 4242 1995 4334 praedicante,
2010 4268 2088 4314 non
2099 4273 2184 4320 casu
2194 4274 2257 4321 uos

1261 4341 1396 4422 vivere,
1429 4342 1489 4409 sed
1513 4338 1590 4409 Deo
1617 4356 1756 4431 tegente
1778 4359 1812 4415 et
1837 4359 2017 4432 servante,
2042 4372 2085 4418 ac
2107 4376 2256 4443 precan-

1260 4444 1366 4526 dum,
1402 4457 1443 4512 ut
1472 4456 1504 4512 te
1529 4444 1591 4511 diu
1621 4459 1750 4528 servet,
1783 4462 1816 4517 et
1845 4447 2070 4519 dulcissimae
2100 4455 2255 4526 familiae

1260 4558 1358 4628 tuae,
1393 4558 1427 4615 et
1448 4544 1634 4615 universae
1657 4544 1848 4619 Ecclesiae.
1907 4547 1986 4621 Etsi
2010 4554 2109 4623 enim
2138 4572 2253 4628 nostre

1261 4661 1354 4716 aetas
1374 4671 1465 4738 pene
1487 4648 1557 4715 iam
1583 4650 1733 4721 confecit
1757 4651 1973 4723 curriculum
1995 4657 2103 4726 nobis
2123 4662 2254 4745 datum,

1261 4763 1295 4818 et
1308 4745 1395 4818 haec
1410 4750 1483 4820 vita
1506 4751 1610 4820 nobis
1626 4753 1769 4846 quidem
1794 4779 1868 4824 non
1891 4779 2036 4846 magnas
2055 4762 2255 4854 voluptates

1261 4852 1424 4943 deinceps
1447 4852 1605 4944 paritura
1628 4855 1787 4937 videtur,
1823 4872 1941 4928 tamen
1974 4860 2096 4932 vivere
2121 4867 2257 4960 aliquos

1260 4955 1443 5024 doetrinae
1457 4970 1720 5047 propagatores,
1736 4963 1770 5030 et
1788 4960 1932 5053 quidem
1948 4985 2067 5049 senes,
2089 4968 2181 5038 utile
2199 4983 2258 5044 est.

1362 5055 1416 5127 De
1432 5056 1578 5152 Synodo
1603 5060 1710 5130 audio
1726 5062 1910 5153 fugitivam
1927 5064 2026 5134 illam
2039 5064 2198 5158 retrahi,
2219 5097 2257 5143 ac

1261 5159 1408 5248 missum
1433 5183 1506 5229 esse
1528 5162 1567 5231 in
1592 5158 1821 5234 Germaniam
1843 5160 2166 5259 Franciscanam,
2199 5176 2259 5270 qui

1261 5277 1430 5334 convocet
1457 5278 1618 5336 senatum
1648 5262 1845 5362 ἱερατικὸν.
1910 5269 2040 5345 Narrat
2067 5275 2109 5346 in
2132 5278 2258 5351 litteris

1263 5445 1484 5459 m

1297 5543 1335 5615 *t
1344 5547 1429 5603 Addit
1443 5550 1477 5604 Α.
1491 5550 1529 5609 D.
