4868 6420
200 346 277 437 sss
777 356 1215 464 sersaonanuu
1272 361 1380 435 utu.
1417 362 1481 436 tx.
1536 356 1667 438 ists.
2171 357 2248 442 mo

204 534 374 603 usitatum
405 533 472 602 fuit
507 556 610 625 saepe
644 533 682 603 in
715 530 853 605 theatra
888 536 1027 604 easdem
1062 536 1199 606 fabulas
1250 529 1325 609 alii.
1375 532 1554 605 Econtra
1577 535 1770 607 laudantur
1789 535 1892 621 iusti,
1924 538 2118 619 moderati,
2149 537 2244 627 tugi-

200 637 345 708 reierre.
404 633 476 704 Nec
504 631 596 705 nihil
624 656 747 707 causae
773 652 843 723 est,
877 661 942 708 cur
961 639 1002 706 in
1019 629 1200 708 Plautino
1248 649 1364 707 tantes
1385 626 1461 706 non
1476 640 1796 723 necessariabella,
1823 652 2021 709 constantes
2045 640 2083 708 in
2102 651 2244 711 senten·

205 741 361 835 quodam
376 734 530 826 Prologo
547 739 681 810 dictum
698 740 760 810 sit:
1248 738 1306 807 tiis
1328 735 1506 825 honestis,
1532 743 1772 812 condonantes
1793 742 1923 811 multas
1946 741 2095 811 iniurias
2121 741 2244 834 publi-

1247 865 1306 911 cae
1320 842 1587 934 tranquillitati,
1613 831 1765 930 Cimon,
1792 838 1946 929 Nicias,
1971 837 2182 930 Diodotus,
2207 855 2244 914 et

1245 944 1348 1035 pauci
1369 945 1441 1017 alii.
1697 942 1710 969 '

1346 1044 1437 1116 Cum
1463 1060 1579 1116 autem
1604 1071 1742 1139 semper
1766 1049 1804 1116 in
1838 1048 2094 1138 gubernatione
2116 1048 2241 1118 civita-

1246 1161 1321 1216 tum
1338 1148 1470 1216 similes
1487 1149 1558 1218 siut
1573 1149 1635 1217 alii
1652 1151 1827 1220 bonorum
1843 1152 1905 1219 alii
1919 1152 2114 1234 malorum,
2150 1174 2240 1244 quos

1245 1247 1457 1320 Comoediae
1480 1252 1705 1337 describunt,
1730 1252 1819 1323 utile
1840 1265 1909 1338 est,
1944 1253 2116 1343 imagines
2137 1265 2240 1322 utro·

1244 1376 1415 1444 rumque,
1440 1352 1607 1437 virtutes,
1622 1353 1729 1438 vicia,
1753 1369 1918 1436 eventus,
1946 1369 2138 1425 eventuum
2155 1374 2239 1424 cau·

248 855 308 930 Qui
331 861 457 914 utuntur
478 854 549 915 vino
572 863 672 916 vetere
693 853 847 934 sopientes
866 862 957 934 puto,

247 941 287 1001 m
309 940 369 1018 qui
383 938 511 1001 libenter
533 949 651 1001 veteres
672 949 809 1021 spectant
829 939 975 1019 tabutas,

246 1025 381 1102 Antiqua
401 1034 429 1086 et
454 1044 548 1104 opera
569 1033 598 1086 et
619 1028 713 1088 verba
735 1045 803 1088 cum
824 1025 912 1088 robis
937 1026 1075 1107 placent,

244 1112 382 1188 Aequum
405 1110 527 1190 placere
550 1120 595 1172 cst
619 1123 689 1173 onte
712 1123 831 1174 veteres
853 1111 995 1186 tabulam

245 1197 326 1259 Nam
347 1215 427 1258 ntrnc
448 1217 544 1261 novae
566 1215 643 1274 quae
666 1199 813 1277 prodeunt
835 1195 1033 1276 Comoediae,

245 1282 345 1344 Multo
366 1291 438 1345 sunt
460 1281 620 1362 nequiores
642 1301 733 1363 qnam
755 1280 868 1345 nummi
889 1283 972 1346 novi.
1003 1280 1005 1283 ’

305 1416 389 1487 Dixi
412 1418 602 1509 prolixius,
629 1443 700 1512 quo
724 1418 875 1489 consilio
900 1418 1112 1508 excogitatae
1126 1417 1198 1486 sint

204 1519 443 1610 Tragoediae,
460 1518 511 1610 et
533 1544 640 1613 quam
665 1521 737 1591 sint
757 1522 863 1592 utiles
877 1522 922 1589 ad
941 1544 1057 1590 mores
1072 1544 1198 1609 regen-

202 1623 268 1693 dos
286 1623 382 1693 etad
399 1622 656 1715 eloquentiam,
673 1623 756 1715 quia
773 1637 808 1693 et
820 1647 961 1692 morum
978 1638 1011 1693 et
1026 1623 1197 1715 eloquen-

204 1727 274 1797 tiae
296 1725 454 1815 exempla
469 1719 553 1793 suist
568 1725 762 1794 illustriora
780 1726 819 1794 in
836 1724 1063 1814 Tragoediis,
1089 1748 1195 1817 quam

204 1829 242 1897 in
258 1825 472 1898 Comoediis.
523 1823 602 1897 Etsi
621 1841 737 1897 autem
753 1826 966 1897 Comoediae
988 1827 1058 1895 ioci
1081 1842 1115 1897 et
1130 1828 1196 1894 ob-

202 1929 403 2000 lectationis
427 1953 529 1998 causa
551 1927 664 2018 magis
690 1930 787 2000 lictae
810 1943 909 2014 sunt,
936 1942 1056 2018 tamen
1077 1928 1193 1996 consi-

203 2032 292 2103 lium
315 2055 406 2122 pene
431 2044 482 2101 est
505 2031 630 2099 simile.
682 2027 861 2124 Equidem
884 2045 984 2100 vetus
1002 2028 1194 2099 Comoedia

200 2133 351 2228 propior
384 2146 437 2203 est
473 2132 704 2222 Tragoediae.
765 2129 874 2225 Apud
906 2124 1194 2228 Aristophanem

200 2261 275 2309 non
299 2248 384 2305 sunt
404 2235 653 2321 meretricum,
684 2250 901 2320 amatorum,
928 2235 1099 2304 lenonum
1121 2236 1195 2305 col-

199 2338 340 2433 loquia,
370 2339 431 2406 sed
455 2338 612 2427 exempla
634 2336 786 2422 civium,
821 2362 973 2431 quorum
997 2337 1059 2406 alii
1083 2335 1195 2408 Rem-

200 2442 301 2536 publ.
316 2440 408 2509 bene
424 2452 612 2519 rexerunt,
639 2440 700 2508 alii
714 2440 904 2510 turbarunt
920 2464 961 2508 ac
981 2451 1194 2510 everterunt.

199 2539 250 2615 Et
265 2542 520 2613 dissimilitudo
539 2542 774 2623 voluntatum,
788 2541 1019 2611 consiliorum
1036 2553 1072 2611 et
1087 2565 1195 2610 even-

173 2674 177 2678 ·
199 2661 305 2718 tuum
328 2644 543 2736 proponitur
562 2645 607 2713 ad
632 2633 999 2714 commonefaciendus
1020 2656 1195 2734 spectato-

198 2772 257 2819 res
274 2761 337 2818 aut
352 2748 518 2832 lectores,
532 2747 665 2840 quales
687 2747 819 2847 sipguli
836 2749 1089 2836 gubernatores
1112 2746 1193 2830 sint,

199 2851 263 2946 qui
279 2850 475 2942 probandi,
502 2850 562 2943 qui
580 2849 763 2934 imitandi,
789 2849 851 2941 qui
873 2847 1052 2939 fugiendi..

300 2976 379 3053 Etsi
394 2995 512 3051 autem
528 2976 719 3051 hominum
733 2980 807 3051 vita
821 3004 886 3050 nec
900 2981 984 3049 solis
1007 2976 1193 3069 praesidiis

197 3084 366 3159 humanis
384 3084 547 3167 delendi,
573 3108 637 3153 nec
659 3083 734 3174 regi
746 3084 820 3153 sola
839 3082 1020 3174 diligentia
1036 3075 1192 3149 humana

197 3203 331 3284 potest,
364 3200 400 3257 et
424 3182 595 3278 Respubl.
619 3187 749 3255 multas
769 3180 902 3257 habeut
932 3184 1055 3255 fatales
1075 3195 1193 3250 muta-

198 3293 331 3376 tiones,
356 3304 474 3361 tamen
493 3289 695 3381 plerunque
717 3301 768 3358 est
788 3289 913 3358 utilius
928 3284 1106 3355 moderari
1124 3282 1194 3350 im-

197 3408 319 3488 petus,
345 3406 379 3462 et
402 3391 523 3459 videre
544 3402 654 3459 metas
674 3390 802 3473 ollicii,
827 3414 891 3458 nec
914 3403 1010 3460 extra
1031 3382 1095 3456 has
1111 3410 1193 3454 eva-

197 3495 294 3590 gari,
326 3518 391 3564 uec
418 3495 582 3582 adpetere
605 3492 752 3565 maiora.
803 3488 899 3560 Haec
920 3489 1104 3580 diligentia
1125 3488 1193 3556 ali-

198 3623 270 3693 qua
288 3609 442 3687 exparte
459 3595 497 3662 in
513 3607 683 3684 potestate
705 3606 825 3663 nostra
842 3607 915 3678 est,
939 3609 973 3665 et
997 3616 1077 3661 cum
1094 3614 1192 3658 aece-

199 3701 255 3772 dit
276 3696 454 3769 invocatio
469 3693 556 3780 Dei,
583 3697 686 3765 valde
707 3695 806 3765 utilis
824 3708 887 3767 est.
939 3693 1100 3764 Tenebat
1120 3689 1192 3759 lm-

197 3802 290 3897 perii
319 3793 491 3869 Romani
518 3812 652 3888 partem
680 3792 867 3866 Antonius
896 3795 1192 3876 florentissimam,

197 3907 268 3976 late
303 3902 571 3984 dominabatur,
605 3895 758 3970 habebat
791 3923 875 3990 opes
908 3899 1060 3966 maiores
1085 3919 1190 3987 quam

1244 1476 1299 1523 sas
1316 1455 1504 1544 diligenter
1520 1455 1762 1536 considerare,
1788 1470 1828 1526 ut
1845 1457 2114 1527 commonefacti
2130 1455 2240 1546 eliga-

1243 1579 1323 1624 mus
1346 1557 1438 1625 iusta
1461 1569 1495 1625 et
1517 1558 1697 1627 moderata
1723 1558 1890 1644 consilia,
1919 1584 1984 1629 nec
2006 1558 2151 1628 accendi
2172 1581 2240 1627 nos
2346 1590 2352 1597 ·

1243 1658 1461 1742 ambitione,
1486 1660 1686 1744 iracundia,
1712 1661 1905 1752 cupiditate
1928 1662 2123 1743 vindictae,
2155 1682 2240 1729 ava·

1243 1760 1326 1829 ritia
1349 1761 1525 1841 sinamus,
1551 1775 1590 1830 ut
1613 1775 1708 1830 extra
1732 1777 1842 1832 metas
1866 1763 1972 1832 oflicii
1989 1756 2239 1855 provehamur,

1244 1874 1305 1931 aut
1320 1884 1525 1931 moveamus
1542 1885 1598 1931 res
1615 1862 1781 1947 iniustas,
1808 1876 1957 1933 autnon
1975 1863 2199 1935 necessarias.

1345 1961 1417 2032 Nec
1432 1976 1570 2033 tantum
1587 1988 1643 2033 res
1655 1965 1942 2051 considerentur,
1957 1968 2018 2036 sed
2035 1965 2140 2036 etiam
2156 1987 2238 2035 ore-

1244 2065 1349 2133 tionis
1365 2065 1519 2148 lumina,
1544 2090 1633 2158 quae
1647 2081 1732 2136 suut
1743 2068 1896 2158 insignia
1912 2069 1950 2137 in
1968 2064 2094 2137 harum
2112 2066 2238 2154 imagi·

1243 2190 1330 2237 num
1347 2167 1594 2258 descriptione.
1646 2165 1700 2238 Ut
1714 2167 1934 2263 piscatores,
1961 2170 2080 2263 inquit
2096 2164 2237 2239 Aristo-

1242 2263 1394 2359 phanes,
1422 2290 1496 2338 non
1513 2268 1663 2363 capiunt
1681 2267 1896 2364 anguillas,
1929 2271 2008 2341 nisi
2025 2268 2131 2365 prius
2153 2264 2238 2363 agi-

1243 2377 1322 2451 tato
1336 2378 1368 2438 et
1383 2367 1532 2438 turbato
1549 2380 1695 2463 stagno,
1722 2371 1787 2441 lta
1803 2361 1932 2459 Cleon,
1957 2371 2097 2472 quoties
2112 2369 2239 2439 incon-

1243 2495 1379 2541 cessam
1397 2468 1566 2570 alipaam
1581 2469 1779 2543 utilitatem
1796 2483 2021 2569 aucupatur,
2034 2472 2141 2569 prius
2158 2480 2238 2541 tur-

1243 2571 1308 2643 bat
1324 2571 1517 2649 civitatem.
1562 2573 1652 2644 Nam
1670 2578 1799 2649 iniusta
1816 2579 1972 2649 obtineri
1989 2601 2063 2646 non
2077 2586 2239 2666 possunt,

1243 2679 1355 2745 donec
1369 2676 1487 2766 legum
1502 2690 1535 2746 et
1553 2677 1769 2748 iudiciorum
1785 2681 1974 2750 autoritate
1997 2677 2144 2748 audacia
2165 2676 2238 2745 tre-

1242 2792 1359 2850 natur.
1415 2775 1485 2847 Hic
1511 2777 1739 2869 circumspice
1772 2780 1912 2864 animo,
1941 2781 2096 2874 quoties,
2129 2801 2236 2871 quarn

1242 2882 1373 2950 multos
1389 2875 1475 2949 haec
1492 2894 1585 2949 aetas
1603 2880 1750 2966 viderit,
1775 2883 1837 2974 qui
1856 2882 2020 2953 utilitatis
2036 2902 2120 2950 suae
2133 2901 2237 2948 causa

1243 2980 1419 3072 Rempub.
1438 3007 1598 3065 movere,
1623 2997 1683 3053 aut
1698 2985 1839 3055 abolere
1862 2985 1993 3055 iudicia
2009 2982 2128 3054 conati
2142 2992 2237 3052 sunt.

1241 3081 1339 3153 Haec
1361 3083 1503 3153 collatio
1526 3085 1661 3154 adseret
1683 3080 1797 3154 lucem
1814 3083 2037 3173 Comoediis,
2062 3098 2096 3155 et
2117 3095 2237 3152 osten-

1242 3188 1302 3256 det
1318 3211 1389 3279 quo
1405 3185 1553 3255 consilio
1573 3186 1722 3276 scriptae
1738 3188 1822 3261 sint.

1343 3284 1450 3358 Hunc
1479 3289 1631 3357 eundern
1654 3280 1825 3358 Cleonem
1853 3288 1967 3380 pingit
1994 3288 2034 3357 in
2065 3286 2236 3357 concione

1242 3389 1380 3475 ovium,
1405 3390 1574 3459 balaenae
1598 3391 1712 3481 specie
1734 3393 2014 3486 praesidentem,
2041 3404 2075 3459 et
2098 3390 2237 3460 dictan-

1241 3505 1310 3564 tem
1332 3493 1544 3562 sententiam
1572 3494 1769 3583 perterritis
1792 3495 1937 3572 ovibus,
1972 3493 2076 3560 ituris
2099 3492 2137 3560 in
2161 3490 2236 3560 sul·

1240 3593 1403 3681 trogium.
1461 3592 1558 3662 Haec
1591 3594 1705 3683 imago
1736 3591 1826 3664 mihi
1856 3595 2007 3663 incurrit
2024 3595 2070 3660 in
2104 3592 2237 3676 oeulos,

1241 3695 1380 3787 quoties
1405 3694 1520 3784 cogito
1540 3698 1584 3763 de
1600 3693 1772 3789 Synodis,
1799 3699 1837 3765 in
1855 3698 1986 3789 quibus
2002 3696 2187 3764 doctorum
2202 3703 2237 3790 et

1242 3797 1384 3888 piorum
1400 3820 1467 3865 vox
1489 3811 1622 3868 terrore
1640 3812 1823 3888 potentum
1841 3820 2005 3891 oppressa
2023 3811 2084 3865 est.

1341 3895 1449 3968 Hunc
1463 3898 1580 3990 ipsum
1596 3889 1767 3969 Cleonem
1784 3901 1870 3970 alibi
1891 3900 1977 3970 dicit
1999 3899 2151 3969 altemm
2176 3919 2238 3988 pe·

197 4007 385 4102 quisquam
404 4001 543 4092 Regum
558 4015 632 4070 toto
650 4004 736 4070 orbe
760 4014 931 4070 terrarum
949 4023 1045 4069 nuuc
1069 3993 1190 4065 habet:
1240 4000 1322 4069 dem
1339 4000 1377 4068 in
1393 4001 1699 4086 castris,alterum
1713 4002 1751 4072 in
1765 4004 1862 4072 curia
1879 3995 2021 4075 habere.
2075 3998 2127 4072 lta
2143 4023 2236 4069 sem-

196 4105 257 4179 his
272 4107 344 4178 frui
369 4118 505 4198 poterat
521 4127 680 4187 securus,
706 4126 780 4173 non
795 4102 1009 4192 impediente
1025 4091 1191 4170 Octavio.
1239 4102 1423 4194 permulti
1439 4117 1524 4174 sunt
1542 4117 1576 4173 et
1597 4105 1743 4173 luerunt
1757 4105 1916 4196 protani,
1941 4105 2097 4188 indocti,
2123 4105 2237 4174 πολυ-

197 4210 270 4284 sed
286 4211 371 4280 dum
394 4220 489 4276 extra
517 4219 625 4274 metas
647 4205 701 4273 sui
725 4206 883 4276 muneris
898 4197 1125 4294 provehitur,
1151 4224 1192 4268 ac
1240 4195 1471 4298 npciypovse,
1497 4204 1560 4299 qui
1580 4207 1730 4277 alterum
1750 4208 1873 4297 pedem
1889 4207 1927 4276 iu
1948 4206 2059 4289 aulis,
2085 4205 2235 4273 alterum

197 4313 296 4384 solus
328 4310 534 4380 universum
569 4307 758 4397 imperium
790 4305 1022 4396 concupiscit,
1055 4303 1190 4373 bellum
1240 4306 1280 4374 in
1293 4302 1539 4396 Ecclesiastico
1562 4308 1733 4376 concione
1755 4304 1906 4392 habent,
1932 4332 1972 4377 ac
1989 4308 2121 4398 pariter
2143 4305 2243 4394 leges,

197 4438 274 4485 nou
306 4412 541 4483 necessarium
572 4399 730 4477 Octavio
761 4409 886 4492 infert,
919 4409 1050 4499 inquo
1075 4407 1190 4475 victus
1240 4409 1362 4477 lerunt
1377 4409 1422 4476 de
1437 4405 1599 4500 imperiis
1615 4422 1648 4477 et
1668 4411 1712 4478 de
1730 4411 1903 4483 doctrina.
1953 4407 2237 4497 Harumligura-

197 4541 280 4588 eum
298 4515 443 4606 supplex
460 4513 504 4582 ab
521 4512 612 4580 irato
629 4513 761 4581 victore
781 4511 889 4581 vitam
906 4511 1094 4599 impetrare
1117 4531 1189 4574 non
1239 4534 1320 4580 rum
1336 4510 1374 4578 in
1391 4506 1595 4581 Comoediis
1614 4511 1896 4595 animadversio,
1918 4510 2025 4579 simul
2050 4504 2090 4579 et'
2107 4511 2152 4579 de
2164 4507 2238 4577 vita

195 4631 330 4712 posset,
348 4617 423 4708 ipse
439 4615 510 4685 sibi
525 4627 676 4684 mortem
694 4612 888 4686 consciscit.
913 4610 982 4681 Hic
996 4611 1065 4680 luit
1079 4608 1191 4680 exitus
1239 4606 1428 4683 homiuum
1453 4612 1565 4684 multa
1589 4628 1726 4694 monet,
1753 4627 1787 4683 et
1811 4613 1978 4682 conducit
2002 4613 2047 4681 ad
2065 4612 2237 4704 eloquen-

194 4721 303 4804 belli,
327 4743 402 4788 nou
417 4716 731 4788 necessariacemsa
752 4704 851 4786 moti.
904 4711 957 4785 lta
974 4713 1192 4803 exagitantur
1240 4715 1339 4787 tiam.
1397 4713 1588 4786 Possumus
1600 4715 1705 4809 ⁸enim
1728 4728 1762 4785 et
1791 4710 1877 4786 haec
1908 4715 1984 4806 ipsa
2010 4714 2168 4803 exempla
2191 4715 2237 4780 sd

194 4825 292 4916 apud
327 4813 612 4916 Aristophanem
646 4817 752 4888 multi
783 4816 982 4899 ambitiosi,
1031 4814 1192 4907 inquieti,
1239 4817 1439 4909 praesentia
1468 4819 1608 4908 negotia
1639 4831 1720 4909 apte
1755 4820 1963 4902 transferre,
1999 4829 2034 4887 et
2060 4812 2116 4885 his
2138 4814 2238 4885 lectis

193 4924 415 5006 turbulenti,
435 4911 763 5017 πολυπράγμονες,
787 4919 902 5003 leves,
919 4918 1111 5001 vertumni,
1134 4917 1192 4984 in-
1239 4919 1349 4991 multa
1366 4917 1436 5010 ipsi
1451 4923 1649 5010 excogitare
1665 4920 1808 4993 similia.

194 5027 377 5099 flectentes
393 5048 429 5094 se
445 5022 596 5094 subinde
611 5023 656 5090 ad
671 5022 776 5091 aliam
795 5033 950 5112 partem,
975 5032 1038 5089 aut
1058 5019 1191 5088 rixato-
1348 5018 1431 5090 Fuit
1456 5036 1572 5091 autem
1598 5023 1703 5092 initio
1728 5047 1802 5090 non
1819 5023 1956 5111 ingrata
1977 5011 2133 5087 Athenis
2152 5014 2239 5089 haec
2305 5102 2308 5105 g

195 5151 274 5215 res,
305 5127 460 5211 morosi,
499 5124 713 5217 pertinaces,
750 5124 985 5218 palaestrale,
1017 5133 1191 5191 veterato·
1240 5121 1384 5192 libertas
1399 5124 1612 5192 nominatim
1636 5125 1779 5194 taxandi
1798 5125 1911 5207 cives,
1937 5145 1976 5190 ac
1993 5121 2107 5190 virtus
2129 5123 2239 5190 duce-
2346 5149 2349 5165 ·

193 5250 272 5317 res,
305 5223 561 5326 sycophantae,
590 5221 773 5295 architecti
802 5247 993 5316 pravorum
1022 5223 1190 5292 consilio·
1238 5225 1362 5305 batur,
1385 5248 1476 5320 quae
1497 5227 1666 5297 monebat
1687 5240 1865 5317 potentes,
1890 5238 1931 5295 ut
1953 5223 2079 5314 populi
2105 5223 2238 5294 iudicia

191 5356 298 5419 rura,
327 5345 403 5405 arte
424 5332 578 5401 aliorum
599 5327 735 5397 animos
761 5339 1008 5420 praeparantes
1028 5339 1063 5395 et
1085 5349 1190 5395 occu·
1238 5341 1460 5398 vererentur:
1488 5329 1618 5398 deinde
1642 5345 1738 5399 metu
1765 5341 1949 5421 potentum
1970 5325 2146 5415 ingeniosi
2169 5320 2236 5395 bo-

190 5448 345 5531 panten
384 5431 491 5504 Tales
514 5443 597 5501 sunt
619 5420 753 5515 Cleon,
777 5422 938 5512 Paches,
963 5420 1190 5513 Alcibiades,
1237 5429 1353 5498 mines
1369 5431 1574 5520 praesertim
1590 5429 1629 5498 in
1652 5431 1791 5502 civitate
1805 5431 1939 5515 ociosa,
1958 5430 1996 5496 in
2015 5452 2084 5521 qua
2106 5429 2235 5496 amisso

191 5529 479 5623 Sthenelaielas,
509 5525 697 5630 Antipho,
729 5527 987 5630 Hyperpolus,
1021 5544 1056 5601 et
1083 5529 1187 5601 multi
1237 5529 1388 5622 imperio
1411 5531 1569 5604 studium
1585 5531 1728 5604 virtutis
1751 5532 1954 5623 languidius
1973 5541 2067 5615 erat,
2093 5542 2127 5600 et
2153 5531 2234 5621 plus
