4868 6420
59 384 134 454 rso
638 372 1079 453 ue1sconanun
1140 376 1347 458 maur.
1402 379 1533 459 1545.
1609 461 1633 479 „
1748 354 1750 356 ’
1912 377 1914 381 ’
2029 392 2105 461 roo

57 543 286 622 Clarissimo
300 547 397 636 viro,
423 542 626 619 eruditione
641 556 672 616 et
690 544 820 618 virtute
862 544 1054 634 rocstanti,
1109 549 1179 618 iam
1196 549 1490 624 Iurisconsultum
1508 557 1737 630 disserentem
1754 562 1798 631 de
1814 561 2023 633 discrimine
2046 564 2103 633 iu-

58 652 112 726 D.
155 647 370 725 Iohanni
407 645 624 745 Longio,
660 645 773 723 Doct.
852 645 1055 742 heologioe,
1108 652 1158 719 ris
1175 654 1348 723 naturalis
1369 670 1403 725 et
1421 635 1599 745 gentium,
1624 663 1726 730 valde
1744 662 1925 749 dolebam,
1949 689 2005 735 me
2028 690 2101 734 non

59 755 245 854 Episcopo
281 749 470 870 Ecclesiae
505 746 753 867 Ersordepsis
784 747 849 845 pio
877 759 908 819 ct
929 745 1055 843 fideli,
1108 752 1274 823 didicisse
1291 756 1423 836 fontes,
1451 761 1638 850 exquibus
1658 762 1903 835 Iurisconsulti
1925 768 1984 834 illa
2008 761 2101 834 hau-

372 878 491 924 omsco
513 878 581 923 suo
608 875 737 926 carsss.
1092 870 1249 940 serunt,
1298 858 1429 927 scilicet
1464 852 1684 932 dialecticen*
1706 877 1740 933 et
1769 861 1969 959 physicam,
2012 891 2100 958 quae

1107 958 1302 1026 ostendunt
1317 972 1432 1047 partes
1447 961 1561 1030 officia
1578 965 1726 1038 animae.
1768 966 1837 1036 Sed
1857 969 2021 1057 deinceps
2039 991 2099 1036 ero

57 983 102 1072 S.
130 998 176 1073 D.
228 998 314 1087 Legi
337 996 528 1066 sententias
548 997 592 1063 de
617 992 845 1063 clandestinis
862 992 1055 1080 desponsa-

59 1103 239 1184 tionibus,
265 1122 352 1192 quas
374 1092 444 1166 huc
468 1095 611 1179 misisti,
646 1108 679 1164 et
706 1094 842 1176 iudico,
869 1115 970 1174 vere,
996 1092 1053 1181 pie

59 1220 94 1275 et
120 1201 257 1272 erudite
278 1201 424 1290 scriptas
447 1220 536 1281 esse,
569 1196 706 1288 tibique
730 1195 921 1264 adsentior.
972 1191 1054 1261 Sta-

59 1308 125 1377 tim
142 1317 258 1372 autem
281 1302 387 1369 lectas
403 1294 548 1368 exhibui
569 1296 780 1368 Reverendo
796 1292 953 1364 Domino
969 1286 1053 1360 Lu—

60 1401 182 1484 staro,
217 1403 276 1496 qui
305 1426 385 1470 cum
419 1401 558 1488 legisset
590 1397 773 1488 epistolam
802 1407 899 1465 tuam
926 1395 971 1463 ad
996 1417 1053 1460 me

1108 1057 1145 1124 in
1166 1057 1357 1128 dialecticis
1374 1060 1590 1151 diligentior.

1213 1156 1313 1226 Nova
1345 1155 1403 1230 hic
1436 1163 1548 1234 multa
1579 1165 1755 1239 feruntur.
1820 1168 1941 1257 Legati
1972 1169 2098 1259 Papae,

1107 1255 1333 1349 Imperatoris
1355 1259 1491 1347 Caroli,
1532 1266 1624 1352 regis
1647 1265 1777 1337 Gallici
1805 1285 1838 1340 et
1868 1269 2100 1355 Ferdinandi,

1106 1383 1228 1426 omnes
1243 1361 1280 1426 in
1296 1363 1422 1431 vestitu
1439 1365 1546 1432 simili
1562 1367 1677 1455 longis
1694 1370 1822 1439 tunicis
1840 1374 2027 1463 purpureis
2041 1374 2099 1441 in-

25 1503 245 1596 scriptam,
269 1489 476 1571 adfirmabat
502 1525 537 1568 se
561 1499 628 1568 tibi
647 1519 900 1587 responsurum
920 1492 1054 1584 esse*),
1106 1456 1310 1555 ‘lffllelffli
1363 1463 2097 1560 Nunquamdl⁰¹¹¹¹l⁸Pl⁸¹¹didl0rem¹⁰8³*

60 1634 100 1677 ac
123 1605 255 1677 nuncio
279 1604 369 1685 dixi,
396 1628 466 1700 quo
490 1616 648 1690 tempore
670 1600 826 1686 llagitare
848 1597 966 1666 literas
991 1597 1053 1663 dc-

26 1735 28 1737 ·
60 1712 161 1792 beat,
187 1707 249 1799 qui
264 1706 293 1774 si
306 1705 396 1773 sorte
411 1727 506 1772 nunc
521 1726 594 1770 non
609 1701 759 1783 adferet,
786 1722 848 1789 ego
863 1712 983 1768 tamen
997 1692 1053 1765 his

61 1811 188 1880 diebus
204 1807 380 1896 flagitabo.

164 1909 252 1978 Heri
275 1932 315 1975 ex
340 1905 499 1974 Venetiis
524 1903 640 1994 accepi
666 1902 822 1986 litteras,
856 1923 946 1991 quae
968 1921 1054 1967 nar-

61 2024 145 2092 rant
166 2009 357 2078 Turcicum
380 2019 572 2100 tyrannum
593 2000 662 2073 hoc
678 2027 773 2072 anno
798 2003 836 2071 in
850 1999 1053 2069 Pannonias

61 2134 136 2179 non
160 2124 347 2179 venturum
371 2130 463 2189 esse,
496 2121 530 2176 et
552 2106 659 2174 simul
680 2107 723 2173 ad
746 2104 923 2173 faciendas
947 2102 1055 2176 indu-

63 2214 134 2282 cias
158 2209 302 2280 solvisse
319 2206 477 2276 Venetiis
501 2207 649 2297 Legatos
671 2203 895 2287 Pontificios,
921 2193 1056 2272 Caroli

63 2311 172 2402 Imp„
205 2308 313 2400 Regis
334 2307 571 2392 Ferdinandi,
596 2306 704 2396 Regis
728 2305 878 2389 Gallici,
904 2305 947 2373 de
969 2326 1054 2372 con-

62 2413 260 2483 ditionibus
277 2435 355 2481 cum
372 2409 501 2478 Tuccis
517 2424 668 2481 acturos.
709 2405 805 2476 Deus
822 2417 917 2495 regat
933 2417 968 2473 et
982 2427 1056 2472 ser-

63 2527 121 2582 vet
138 2511 332 2583 Ecclesiam
357 2511 424 2579 {ilii
447 2512 499 2580 sui
516 2509 664 2579 Domini
686 2508 800 2577 nostri
818 2504 896 2576 lesu
909 2498 1055 2576 Christi.

63 2613 161 2684 Bene
178 2617 265 2682 vale.
811 2623 812 2626 ’

166 2715 220 2785 De
244 2714 525 2782 adolescentibus
555 2711 702 2780 omnino
724 2705 815 2778 mihi
847 2730 950 2777 curae
980 2705 1056 2785 erit,

63 2834 105 2888 ut
129 2820 218 2886 sicut
242 2817 332 2905 petis
350 2811 500 2882 Iesoios
518 2815 610 2908 apud
627 2825 887 2902 praeceptorem
910 2804 1056 2888 habitet,

65 2943 175 3012 eaque
192 2920 236 2986 de
256 2942 294 2985 rc
318 2913 394 2984 heri
417 2916 584 2984 collocuti
599 2937 731 2985 sumus.
784 2910 901 2980 Habet
915 2930 1057 2999 praece-

63 3037 201 3112 ptorem
228 3017 535 3105 Naoburgcnsem,
568 3017 711 3085 doctum
734 3027 769 3084 et
790 3009 979 3082 honestum
1002 3009 1057 3076 vi-

64 3148 158 3194 rum.
193 3117 342 3213 *lterum
360 3118 446 3188 vale.
499 3116 566 3186 Die
585 3113 641 3185 14.
661 3113 753 3186 lulii.
866 3113 875 3124 ”

580 3211 769 3306 Philippus
786 3206 1009 3282 Melanthon.

890 3533 1058 3620 (tetur.)

880 3623 1052 3652 Μ

137 3855 213 3921 †Ex
232 3872 324 3926 apogr.
349 3853 377 3905 in
402 3850 467 3907 cod.
485 3848 571 3902 Paris.
590 3846 626 3902 D.
645 3842 676 3897 L.
696 3841 760 3905 54³.
778 3870 813 3885 -
849 3841 896 3896 Est
914 3839 1060 3912 epistolas

173 3911 354 3977 Melanthone
374 3916 540 3991 praescripta
560 3913 704 3983 discipulo.

431 4047 501 4123 Ad
523 4059 710 4148 patrem.

71 4175 114 4265 S·
167 4189 298 4282 Accepi
322 4188 478 4259 tunicam
503 4210 523 4253 a
546 4196 579 4252 te
601 4176 672 4250 huc
698 4175 850 4245 missam.
899 4167 973 4264 Pro
993 4165 1061 4237 hoc

73 4312 136 4366 tuo
158 4318 303 4365 munere
328 4291 395 4361 tibi
424 4286 552 4378 gratias
586 4306 670 4371 ago,
704 4290 738 4347 et
768 4297 847 4344 eum
871 4271 995 4354 sciam,
1027 4285 1062 4341 te

73 4397 258 4489 praecipue
275 4390 368 4462 hanc
390 4389 537 4479 gratiam
561 4409 581 4452 a
598 4406 654 4450 me
668 4397 867 4469 reposcere,
891 4385 930 4442 ut
947 4393 1062 4440 mores

74 4495 219 4568 honeste
241 4519 374 4585 regam,
406 4504 439 4559 et
463 4487 576 4556 literis
599 4509 638 4552 ac
663 4480 798 4549 artibus
821 4474 927 4542 laude
948 4472 1063 4562 dignis

73 4600 271 4691 proficiam:
299 4586 427 4675 enitar,
453 4589 545 4658 utin
565 4601 713 4675 utraque
728 4605 766 4649 re
782 4599 894 4644 meam
911 4575 1064 4662 diligen-

75 4704 161 4770 tiam
182 4700 363 4790 approbes.
425 4693 584 4780 Longam
604 4698 740 4754 uestem
765 4690 799 4747 et
814 4689 956 4766 propter
976 4688 1010 4744 te
1031 4687 1064 4742 et

73 4815 221 4895 propter
245 4796 428 4866 honestum
455 4791 654 4881 exemplum
679 4785 717 4853 in
750 4780 875 4848 diebus
904 4775 1000 4844 festis
1031 4787 1066 4843 et

74 4902 328 4973 celebrioribus
350 4896 488 4988 pompis
513 4890 669 4960 induam.
724 4877 830 4951 Aetas
850 4878 991 4964 lougius
1008 4899 1066 4943 re-

74 5008 202 5076 cedens
220 5028 238 5071 a
263 5001 413 5092 pueritia
433 5020 489 5066 me
506 4997 549 5062 de
571 4990 693 5059 multis
708 4986 813 5054 rebus
829 4976 1067 5049 commonefa-

75 5107 144 5190 cit,
170 5118 205 5173 et
220 5102 397 5196 quotidie,
421 5122 492 5190 quo
507 5096 609 5185 plura
625 5089 743 5170 disco,
769 5108 810 5152 eo
830 5081 942 5170 magis
959 5100 1068 5166 agno-

76 5233 119 5276 co
141 5221 175 5276 et
193 5205 338 5295 deploro
361 5225 472 5268 meam
491 5193 675 5264 inscitiam.
695 5210 698 5220 ·
728 5183 781 5258 lta
803 5208 884 5253 cum
909 5181 1066 5250 audirem

75 5372 307 5386 -,....-.—--

113 5460 237 5583 ²⁸¹)‘Il'iplLv
256 5480 304 5581 ep}
322 5458 433 5594 prptheri
458 5456 491 5512 ad
517 5456 641 5522 Longum
667 5447 693 5501 d.
715 5447 740 5500 d.
768 5444 811 5499 ll.
831 5441 883 5497 tut.
910 5440 955 5507 (de
973 5436 1070 5495 Wett.

174 5571 181 5585 .
221 5549 273 5600 ,μ
306 5540 372 5582 a..

1105 1562 1239 1629 tionem
1266 1564 1377 1631 visam
1404 1589 1488 1639 esse.
1549 1565 1647 1637 Haec
1674 1572 1825 1660 petitura
1857 1589 1908 1645 est
1935 1595 2096 1665 pacems

1106 1660 1254 1747 Tuccis,
1283 1665 1340 1732 vel
1366 1667 1544 1748 inducias,
1570 1681 1612 1737 ut
1633 1670 1680 1738 sit
1702 1671 1814 1741 otium
1833 1673 1997 1745 Pontifici
2020 1676 2096 1743 bel-

1106 1763 1181 1833 lum
1212 1767 1379 1844 movendi
1413 1769 1581 1837 adversus
1613 1765 1788 1842 Ecclesias
1820 1790 1966 1849 nostras.
2025 1775 2097 1846 Sed

1107 1862 1222 1934 Deum
1251 1891 1333 1950 oro,
1363 1884 1403 1939 ut
1435 1870 1581 1959 dissipet
1617 1873 1764 1942 consilia
1795 1878 1975 1963 gentium,
2007 1903 2096 1969 qrsae

1107 1966 1198 2036 bella
1214 1985 1368 2042 movent.
1424 1970 1508 2039 Vale
1531 1971 1691 2045 feliciter.

1827 2079 2047 2171 &mmm

1108 2431 1174 2504 No·
1189 2390 1302 2505 3220.

1111 2529 1321 2563 Μ

1960 2451 2099 2570 Q

1364 2650 1568 2748 Alberto,
1595 2652 1715 2736 Duos·
1728 2656 1877 2743 Pruss.

1172 2798 1194 2835 Ὗ
1210 2803 1288 2858 Edita
1302 2823 1317 2858 s
1331 2805 1420 2860 Fabro
1433 2806 1462 2860 in
1477 2807 1553 2879 epist.
1573 2826 1600 2880 p.
1616 2810 1665 2864 102
1677 2827 1737 2880 sqq.
1757 2829 1801 2882 ep.
1816 2794 1860 2866 tt.
1887 2803 1894 2812 ⁸

1183 2958 1290 3058 ttsn
1315 2957 1479 3057 bereng
1501 2962 1685 3056 tttbtcdpt
1709 2969 1751 3040 io
1774 2970 1996 3071 wetsten.)

1112 3085 1243 3188 OEobet
1268 3106 1372 3181 boob·
1395 3109 1487 3198 butd)
1512 3113 1610 3202 terna
1632 3115 1839 3207 cingebococo
1860 3119 1961 3207 &cbo
1985 3124 2098 3214 &etuas

1112 3208 1270 3299 §bettona
1285 3209 1541 3304 uotccnbritout
1558 3232 1673 3303 aocet,
1702 3215 1998 3311 euroaustrum
2012 3225 2098 3314 bod).

1111 3313 1260 3402 gebocoet
1275 3311 1449 3405 gntbigltcc
1463 3309 1556 3400 &siclt
1572 3319 1634 3387 unt
1648 3315 1754 3408 best.
1781 3319 1821 3392 8.
1838 3320 1879 3406 8.
1895 3321 1941 3394 bi.
1954 3324 2039 3414 lente
2055 3328 2096 3418 id)

1111 3420 1163 3486 tet
1172 3412 1281 3508 betto
1293 3413 1467 3505 &obeso
1481 3417 1531 3489 to
1542 3411 1778 3515 ttoffiudp**)
1790 3423 1953 3496 bisbetum
1969 3429 2100 3523 bcpssti·

1120 3602 1327 3634 *ψια-

1134 3706 1176 3775 ·*>
1194 3705 1231 3759 Ea
1247 3705 1322 3759 dere
1338 3707 1472 3760 Lutherus
1486 3708 1567 3779 (apud
1582 3710 1718 3767 deWett.
1731 3714 1765 3767 Τ.
1779 3715 1802 3762 V
1828 3735 1854 3785 p.
1867 3718 1941 3786 ΜΞ.)
1956 3722 1988 3773 ad
2002 3722 2032 3775 lo

1181 3777 1214 3828 de
1233 3781 1256 3826 t.
1276 3774 1341 3857 lulli·
1360 3776 1435 3831 1545.
1455 3776 1535 3858 baec':
1553 3779 1695 3846 „Audisse
1716 3793 1741 3834 te
1761 3795 1841 3864 puto,
1867 3806 1929 3839 nam
1952 3789 2019 3844 baec
2035 3742 2099 3848 liii}

1180 3851 1258 3905 sunt,
1275 3841 1410 3925 sobesec
1425 3843 1594 3898 Venetussst.
1605 3847 1674 3900 lunii
1689 3848 1849 3918 legationem
1864 3853 2000 3928 Caesaris,
2018 3858 2089 3915 Galli

1181 3911 1285 3992 Papae,
1308 3911 1473 3965 Ferdrnandi
1495 3912 1664 3982 splendidam
1685 3927 1710 3969 et
1731 3920 1854 3987 pretiosis
1868 3926 2025 3979 muneribus
2039 3901 2099 3983 sul:

1181 3981 1337 4062 irremotam
1357 3982 1390 4033 ad
1405 3981 1521 4034 Tuccam
1536 4002 1587 4053 pro
1608 3987 1723 4052 peteuda
1737 4006 1816 4069 pace:
1833 4000 1859 4041 et
1878 3996 1952 4058 quod
1967 3993 2100 4052 honorili-

1178 4061 1365 4128 centissrmurn
1388 4058 1413 4101 et
1436 4054 1567 4101 memoria
1587 4063 1696 4105 aeterna
1717 4056 1828 4125 dignum
1843 4068 1896 4125 est,
1921 4080 1955 4113 ne
1974 4082 1987 4113 a
2008 4063 2098 4123 'sores

1181 4117 1368 4197 iastsdrantur,
1382 4117 1489 4169 mutatis
1508 4119 1625 4172 vestibus
1637 4123 1737 4189 patriae
1749 4142 1826 4192 suae,
1840 4129 1953 4196 quisque
1967 4130 2076 4187 'l'urcici

1182 4204 1202 4238 ι.
1217 4204 1239 4237 c.
1254 4184 1438 4254 longioribus,
1459 4197 1599 4239 ornantur.
1610 4188 1626 4210 ”
1661 4190 1713 4243 Sed
1728 4193 1837 4247 Lutlreri
1850 4215 1891 4265 ep.
1905 4157 2100 4257 nond.l.lulii

1184 4254 1243 4334 data
1263 4263 1440 4373 “seploml’
1468 4254 1514 4335 sed
1534 4255 1560 4306 d.
1584 4259 1623 4309 ll.
1638 4258 1686 4339 uel⁸
1698 4262 1736 4312 15.
1751 4259 1825 4324 lolii,
1843 4274 1872 4315 ut
1891 4264 2051 4336 intelligitus·
2070 4291 2100 4325 ex

1182 4324 1296 4459 {iiiiii
1310 4392 1335 4444 a.
1349 4322 2100 4463 {llltt'ttltlsstltl'da*edthelbald?

1182 4459 1227 4510 illa
1243 4459 1412 4527 profectione
1429 4459 1621 4537 witebergam
1638 4433 1859 4534 perterri’potuit.
2040 4427 2052 4460 ⁸
2086 4428 2100 4463 e

1149 4541 1199 4612 **)
1219 4543 1281 4624 illei
1300 4547 1373 4614 {Ruth
1392 4545 1436 4625 led
1454 4543 1619 4625 lobwasser
1638 4547 1736 4614 Laeto,
1752 4548 1869 4607 betttttt:
1906 4555 2031 4625 Epitome
2049 4560 2101 4610 do·

1184 4623 1286 4665 ctrrnae
1311 4620 1486 4666 eeclesiarum
1511 4613 1631 4666 Pbrrsrae
1655 4617 1792 4671 orientalis
1832 4631 1889 4677 teet
1913 4635 1973 4678 sors
1989 4625 2042 4692 {stt
2089 4643 2103 4684 t

1186 4692 1220 4734 so
1238 4679 1400 4759 &stretton
1422 4677 1470 4758 mit
1487 4683 1543 4735 tem
1561 4681 1705 4739 theoretico
1724 4659 1885 4810 itetpitptttt:
1903 4693 1944 4750 ῦτ
1963 4696 2030 4760 orote
2043 4640 2102 4766 lehi.
2122 4710 2126 4716 ·

1185 4748 1251 4830 [tlte
1268 4759 1340 4816 tuot
1358 4752 1425 4817 attat
1442 4752 1494 4803 sset
1511 4749 1591 4829 etot.
1611 4752 1685 4807 secut
1702 4750 1750 4822 titt)
1768 4768 1783 4809 o
1803 4770 1829 4811 ec
1847 4755 1902 4814 teia
1922 4760 2025 4827 uectat
2042 4765 2102 4820 tec·

1187 4818 1249 4871 ubet
1267 4817 1409 4882 cumcito,
1430 4818 1537 4885 tentem
1554 4820 1634 4897 brot.
1657 4821 1816 4891 &stretton
1834 4819 1876 4881 roi
1897 4841 1908 4880 e
1926 4829 2036 4896 tattetbe
2053 4831 2103 4890 orit

1188 4886 1448 4964 tutbcctucctptebeo
1469 4887 1520 4941 unt
1547 4888 1598 4954 teta
1619 4887 1763 4958 &straten
1781 4841 1940 4960 mlttbciieo.
1969 4904 2026 4954 ost
2053 4900 2101 4970 stet)

1189 4953 1353 5022 &tctrttsdpet
1366 4957 1442 5010 totta
1456 4954 1533 5021 fiete.
1570 4957 1612 5021 zo
1623 4955 1692 5012 tinec
1704 4958 1864 5027 ttrdyttbtift
1876 4963 1902 5030 tr
1921 4966 1988 5020 stes
2002 4968 2083 5039 bergo

1188 5024 1262 5102 nost:
1288 5023 1392 5090 ,ztir
1409 5022 1531 5101 pollet
1549 5028 1610 5079 aot
1628 5020 1660 5079 to
1680 5024 1826 5098 otteosg
1843 4978 1996 5098 estlethe
2014 5038 2068 5095 tlte

1187 5093 1603 5170 macescunast'cctsgss.
1628 5097 1691 5148 sot
1715 5109 1766 5149 sus
1790 5099 1941 5166 ottsctts
1960 5102 2103 5162 beteret.

1188 5157 1291 5228 ttaec
1314 5160 1473 5236 uttobcn
1498 5158 1616 5215 metten
1641 5159 1674 5217 tr
1701 5163 1761 5223 ten
1781 5165 1885 5222 brad
1908 5165 1993 5237 riost
2010 5171 2104 5229 tcto·
2166 5211 2177 5222 ‚

1190 5242 1250 5352 gen
1270 5227 1414 5305 testeus·
1447 5231 1488 5283 tte
1506 5226 1617 5306 betinttt
1634 5226 1681 5310 brt)
1693 5229 1720 5286 to
1734 5231 1795 5300 eust
1808 5231 1997 5304 securitates,
2020 5234 2106 5307 toln·

1147 5373 1149 5387 s
1191 5293 1589 5434 attentasset
1603 5298 1785 5423 {thibi
1801 5303 2108 5447 statutus:

1193 5439 1252 5497 ten,
1276 5431 1314 5488 tos
1330 5430 1462 5502 astitores
1479 5432 1588 5502 Μὶν,
1613 5434 1665 5491 unt
1685 5433 1778 5505 {ditat
1801 5443 1861 5507 nort
1885 5444 1928 5499 tec
1946 5441 2008 5510 att
2036 5448 2110 5504 teas
2202 5440 2205 5444 ’

1193 5504 1308 5572 octoas
1318 5499 1399 5646 pidtg
1408 5516 1454 5572 asc
1472 5495 1622 5575 vsbttrttit
1638 5501 1784 5576 ausono
1801 5521 1833 5578 aa
1849 5509 1918 5577 tos.
1934 5540 1970 5552 -
1992 5516 2003 5582 t
2026 5519 2110 5584 ster.)
