4868 6420
56 246 247 373 'soa

175 481 315 555 noster,
346 467 540 543 verissimis
563 493 584 545 a
607 481 642 541 te
663 482 809 543 ornatus
833 471 1020 556 laudibus,
1051 493 1167 564 qnon-

178 574 263 644 dam
284 571 384 645 dedit
406 573 511 653 nobis
535 572 718 666 aliquanto
741 574 948 664 pleniorem.
998 571 1077 643 Hoc
1091 573 1168 641 fieri

179 674 421 749 rescientes:
439 677 684 747 consentiente
702 676 851 747 mirifice
866 678 943 746 vult
967 664 1169 758 et'laborat,

179 790 219 848 et
237 776 277 845 in
295 773 363 847 hoc
383 800 459 859 non
477 789 552 849 tam
570 800 767 851 successum
780 803 921 848 omnem
939 777 1106 847 editionis
1121 777 1170 844 si-

68 938 70 943 .
181 893 260 953 tum
282 902 374 958 esse,
394 903 505 971 mam
525 879 818 951 existimationem
843 904 942 949 snam
962 878 1050 950 verti
1073 879 1169 948 arbi-

181 995 308 1053 tratur.
358 977 529 1071 Confugit
551 983 659 1070 igitur
680 984 724 1051 ad
748 1007 824 1066 me,
850 997 884 1052 et
905 984 1170 1051 intercessorem

182 1107 240 1155 me
257 1083 326 1153 sibi
341 1104 416 1153 esse
431 1082 572 1174 expetit.
624 1082 850 1176 Quapropter
865 1099 911 1170 te,
929 1085 979 1151 mi
994 1079 1170 1174 Philippe,

181 1179 409 1255 vehementer
420 1185 526 1254 etiam
541 1197 645 1278 atque
660 1187 765 1255 etiam
780 1209 882 1275 rogo,
906 1187 1063 1277 primum
1078 1199 1117 1253 nt
1134 1185 1170 1251 in

182 1282 251 1357 hac
264 1311 302 1357 re
321 1279 449 1383 Papae
470 1286 644 1356 desiderio
663 1289 887 1381 obsequaris,
911 1288 1039 1366 deinde
1056 1300 1089 1356 et
1104 1287 1172 1354 mi-

183 1383 225 1457 hi
238 1389 460 1480 gratificeris,
484 1389 546 1483 qui
562 1389 616 1457 itti
633 1390 765 1479 optime
782 1391 903 1481 cupio,
931 1391 986 1456 vel
1004 1390 1087 1458 situ
1106 1389 1172 1456 ali-

184 1504 240 1561 ter
259 1513 417 1574 censeas,
449 1491 493 1560 de
517 1486 585 1560 hoc
616 1493 720 1559 etiam
749 1516 805 1561 me
831 1493 956 1560 reddas
978 1491 1172 1558 certiorem.

184 1591 277 1664 Vale
292 1593 341 1660 mi
358 1592 563 1663 suavissime
575 1588 754 1684 Philippa.
805 1591 932 1662 Nostra
948 1593 1078 1661 familia
1093 1614 1173 1682 per·

184 1707 346 1771 amanter
377 1706 412 1764 te
435 1708 470 1765 et
493 1709 707 1766 tuosomnes
724 1694 862 1763 salutat.
914 1693 966 1763 Te.
990 1719 1073 1762 vero
1096 1694 1174 1761 offi-

186 1795 302 1866 eiosus
319 1792 366 1869 G.
380 1791 507 1865 Comes
523 1811 653 1870 noster.
707 1794 838 1869 Iterum
852 1797 941 1868 vale.
971 1792 1089 1866 xvtt.
1106 1791 1175 1865 Ca-

186 1896 309 1993 lendas
330 1894 507 1967 Novemb.

185 2310 255 2385 No.
271 2307 383 2385 5056.

193 2406 366 2439 w
1009 2409 1180 2435 Μ

458 2513 609 2598 loocb.
636 2511 892 2602 Camerario.

256 2671 382 2726 Primum
406 2672 530 2727 edita'in
554 2671 648 2726 fronte
671 2672 861 2743 grammaticae
885 2672 1087 2745 lactescant,
1111 2692 1179 2745 qnae

291 2741 394 2813 prodiit
413 2760 486 2795 anno
508 2741 585 2797 1552.
626 2740 665 2794 tte
684 2741 749 2795 etita
769 2741 796 2793 in
819 2741 887 2795 Mel.
910 2761 971 2814 epp.
988 2743 1022 2796 ad
1043 2742 1180 2799 Carnerar.

291 2828 319 2883 p.
333 2809 387 2864 ⁷62
400 2828 459 2891 sqq.
477 2811 538 2878 (ed.
552 2810 641 2864 Lond.
653 2761 702 2863 li'.
716 2829 758 2881 ep.
770 2812 853 2876 910.).

189 2956 389 3059 Philippus
412 2954 602 3035 laetanti.
631 2958 661 3030 Ι
666 2956 881 3033 oachimo
905 2956 940 3035 C
946 2963 1181 3036 camerario

232 3058 462 3158 Pubergensi
487 3062 565 3132 viro
591 3061 728 3160 optimo
752 3064 870 3136 amico
893 3090 961 3137 suo
983 3091 1145 3154 summo,

190 3179 239 3271 S·
263 3196 310 3268 D.
361 3197 454 3269 Sunt
475 3197 620 3292 quidem
635 3195 845 3271 Scholastici
862 3204 1086 3292 magistratus
1104 3204 1183 3297 opi-

192 3301 301 3370 nione
328 3300 525 3401 multorum
548 3324 664 3393 neque
690 3303 861 3392 dignitate
884 3319 1118 3395 praestantes,
1148 3320 1183 3377 et

187 3401 358 3472 laborum
376 3413 481 3495 atque
498 3402 736 3495 periculonrm
752 3404 988 3494 singularium
1007 3421 1181 3498 expertes:

191 3498 313 3597 thue
335 3498 520 3573 doctorum
544 3503 717 3595 sapientia
728 3502 847 3599 χολὴν
864 3501 933 3577 οὐκ
946 3506 1040 3600 ἔχειν
1065 3503 1184 3601 perhi-

190 3606 316 3676 betur:
341 3605 389 3674 ita
405 3600 535 3676 horum
552 3607 646 3697 inter
659 3606 754 3698 ipsos
769 3609 1029 3680 administratio
1045 3611 1136 3681 leuis
1150 3625 1184 3681 et

193 3707 333 3800 placida
354 3720 388 3777 ct
409 3718 484 3777 tuta
499 3716 581 3777 'esse
604 3709 770 3781 creditur.
822 3709 880 3779 Tu
895 3722 1011 3779 tamen
1029 3713 1183 3802 profecto

196 3822 232 3878 et
248 3809 388 3877 sensisti
411 3832 507 3877 nunc
529 3809 656 3894 etiam,
683 3823 815 3903 quanta
831 3812 992 3882 molestia
1010 3816 1055 3884 sit
1077 3812 1117 3885 ἐν
1129 3817 1184 3910 ιτῷ

197 3906 341 4003 ἄρχειν,
368 3923 401 3979 et
417 3918 581 3979 semestre
600 3925 700 3982 tuum
716 3912 856 3981 finitum
873 3937 946 3983 esse
960 3917 1061 3985 valde
1077 3917 1186 3988 laeta-

195 4012 257 4081 ris.
307 4008 426 4103 Atque
452 4026 567 4081 essent
588 4013 733 4081 fortasse
755 4013 794 4081 in
813 4015 943 4083 nostris
965 4011 1186 4112 πολιτεύμα-

198 4133 259 4185 σιν
272 4111 389 4181 facilia
405 4113 543 4192 omnia‚
570 4114 600 4181 si
615 4138 688 4181 non
698 4109 935 4186 scholasticus
949 4121 1036 4187 ordo
1051 4121 1186 4215 iniqui-

198 4228 268 4286 tate
284 4216 437 4310 quadam
460 4214 517 4281 vel
539 4209 733 4283 hominum¹
741 4217 797 4286 vel
814 4230 1017 4308 ¹temporum
1033 4223 1188 4310 graviter

198 4317 384 4387 laboraret.
436 4311 651 4406 Experimur
667 4318 762 4389 enim
778 4318 893 4388 indies
907 4344 1051 4410 magnas
1066 4337 1101 4394 et
1118 4326 1187 4393 dif-

196 4418 307 4489 ftciles
322 4417 600 4502 adversationes,
625 4440 704 4486 cnm
722 4419 850 4511 quibus
865 4423 971 4493 nobis
986 4438 1036 4494 est
1051 4424 1189 4495 luctan-

199 4522 308 4605 dum,
333 4516 462 4611 impari
472 4517 623 4612 quidem
639 4535 826 4611 apparatu,
852 4536 887 4593 et
908 4518 1101 4597 admodum
1117 4528 1190 4621 disss

643 228 647 234 ·
741 291 1180 377 EPISTOLARUM
1229 293 1439 377 muts.
1491 291 1625 381 1544..

2131 293 2211 383 608

1216 467 1387 545 'vitiatum
1407 483 1443 540 et
1463 470 1640 562 potentiae
1663 469 1849 561 splendore
1872 469 1982 562 capti,
2015 468 2147 540 favoris
2174 481 2209 539 et

1218 572 1487 647 existimationis
1510 575 1611 664 qnasi
1634 575 1769 643 viribus
1793 574 1974 643 destitutas
1997 573 2076 640 illas
2094 573 2207 641 imbe-

1219 674 1317 745 cilles
1343 687 1379 745 et
1405 668 1618 768 εὐνικήτους
1643 676 1862 767 relinquunt.
1921 673 2012 742 Nam
2037 675 2133 765 quod
2160 674 2207 744 sit

1219 776 1501 853 adversariorum
1516 779 1637 860 robur,
1664 801 1753 868 quae
1769 778 1919 867 ecquam
1935 777 2042 844 densa
2057 774 2208 863 agmina,

1221 903 1311 974 quae
1332 878 1492 963 virorum
1518 903 1766 969 armorumque
1798 877 2004 960 instructio,
2037 873 2131 945 nihil
2158 889 2209 946 est

1220 1003 1360 1051 necesse
1373 981 1559 1071 perscribi,
1587 981 1787 1069 praesertim
1808 982 1851 1048 ad
1874 993 1927 1062 te,
1952 1003 2056 1069 quem
2081 977 2210 1046 certius

1221 1082 1342 1154 omnia
1361 1107 1466 1176 quam
1481 1083 1605 1165 velles,
1631 1106 1705 1150 non
1720 1081 1919 1164 audiendo,
1946 1081 2006 1148 sed
2023 1080 2211 1170 experiun-

1222 1188 1268 1255 do
1286 1184 1496 1274 comperisse
1513 1183 1597 1252 scio.
1647 1180 1765 1275 Atque
1779 1182 1915 1251 utinam
1932 1197 2020 1252 esset
2042 1183 2137 1250 inter
2152 1202 2210 1249 eos

1221 1288 1330 1356 modo
1348 1285 1536 1355 concordia
1551 1297 1587 1353 et
1600 1285 1800 1352 animorum
1815 1284 2111 1375 voluntatumque
2125 1306 2211 1352 con·

1223 1388 1358 1472 sensio,
1383 1411 1536 1479 quornm
1558 1410 1650 1454 unrrs
1671 1388 1759 1454 ordo
1779 1399 1846 1468 est,
1880 1379 1943 1455 καὶ
1965 1378 2036 1475 μία
2056 1380 2112 1464 ric
2131 1379 2210 1455 οἷον

1224 1484 1435 1583 συμμόριά,
1457 1513 1573 1580 neque
1593 1489 1630 1556 in
1646 1487 1863 1577 professione
1883 1486 2094 1577 pulcerrima
2119 1484 2210 1576 opti-

1223 1616 1362 1661 marum
1382 1591 1581 1660 litterarum
1600 1602 1635 1658 et
1654 1590 1783 1658 artium
1799 1602 2056 1679 usurparentur
2068 1587 2213 1656 alienis-

1226 1694 1313 1762 sima
1328 1693 1442 1761 studia
1457 1688 1668 1782 pertinaciae
1690 1704 1723 1759 et
1741 1690 2024 1758 malevolentiae:
2051 1689 2101 1759 ita
2118 1688 2212 1757 enim

1226 1795 1353 1865 melius
1371 1793 1428 1861 vel
1453 1794 1610 1862 cedendo
1625 1793 1681 1859 vel
1704 1793 1927 1871 dimicando,
1954 1792 1984 1859 si
2010 1814 2101 1881 opus
2115 1802 2213 1873 esset,

1226 1897 1377 1966 salutem
1411 1917 1591 1985 possemus
1625 1894 1733 1976 tueri,
1766 1917 1848 1960 nam
1884 1893 2091 1981 dignitatem
2117 1892 2212 1985 quod

1228 2020 1409 2087 speremus
1423 1993 1515 2063 nihil
1532 2008 1599 2077 est,
1625 2020 1729 2087 qnam
1748 2018 1890 2085 prorsus
1906 1995 2099 2066 amisimus.
2149 1991 2214 2063 Di-

1229 2100 1277 2169 cit
1290 2113 1409 2167 noster
1424 2098 1510 2167 civis
1519 2090 1783 2179 Demosthenes,
1801 2097 2009 2187 locupletem
2025 2091 2214 2165 esseRem-

1228 2203 1312 2292 pub.
1336 2224 1431 2285 earn,
1457 2223 1546 2291 qnae
1571 2200 1733 2266 societate
1756 2213 1790 2268 et
1814 2198 1882 2266 fule
1908 2212 1941 2267 et
1969 2196 2215 2277 benevolentia

1229 2314 1414 2392 augeatur,
1450 2301 1578 2394 quibus
1601 2315 1741 2369 nostrae
1762 2301 1835 2368 fere
1857 2299 2129 2369 communitates
2154 2321 2215 2367 ne·

1231 2427 1409 2499 quaquam
1429 2404 1625 2471 abundant.
1683 2400 1751 2472 Sed
1778 2397 1862 2470 haec
1877 2403 1920 2468 de
1943 2404 2099 2493 quodam
2113 2423 2216 2471 sensu

1230 2505 1392 2583 miseriae
1417 2518 1557 2573 nostrae
1579 2503 1754 2593 copiosius
1772 2503 1948 2593 disputavi
1970 2527 2075 2595 quam
2097 2501 2216 2594 debui.

1230 2604 1278 2678 Et
1295 2607 1520 2696 cogitandum
1536 2605 1640 2673 nobis
1654 2619 1721 2689 est,
1746 2630 1826 2673 cum
1842 2617 1961 2673 nostra
1977 2605 2127 2689 delicta,
2148 2615 2217 2673 mm

1230 2709 1359 2800 prioris
1374 2731 1480 2801 quam
1497 2706 1724 2799 quotidianae
1740 2706 1832 2775 vitae
1847 2707 1973 2774 mereri
1994 2706 2217 2774 animadver-

1231 2812 1365 2881 sionem
1382 2811 1560 2902 qnandam
1580 2809 1618 2875 in
1634 2832 1716 2892 nos,
1740 2822 1814 2876 tum
1839 2823 1933 2876 certo
1956 2809 2112 2900 quodam
2135 2831 2217 2875 corr·

1231 2913 1311 2982 silio
1321 2911 1510 2981 connivere
1527 2910 1705 2980 interdum
1714 2908 1828 2977 Deum
1847 2912 1890 2976 ad
1906 2902 2093 2978 hominum
2110 2911 2217 2977 anda-

1232 3015 1321 3084 ciam
1337 3027 1372 3082 et
1385 3013 1531 3094 scelera,
1557 3025 1597 3081 ut
1612 3013 1909 3103 quemadmodum
1926 3011 2011 3080 dicit
2027 3011 2134 3095 idem,
2159 3033 2218 3080 cu·

1232 3117 1288 3184 ius
1308 3115 1415 3204 paulo
1430 3126 1511 3182 ante
1526 3114 1684 3196 memini,
1701 3108 1975 3194 Demosthenes,
1997 3112 2064 3178 sibi
2084 3112 2121 3179 in
2136 3098 2219 3180 con-

1232 3216 1446 3286 sideratione
1495 3238 1652 3282 summac
1697 3214 1901 3282 clementiae
1948 3209 2218 3282 Atheniensium

1233 3317 1500 3407 saepesubiisse,
1515 3314 1721 3410 φοβεῖσθαι
1729 3308 1816 3406 μήτι
1825 3305 2022 3406 δαιμόνιον
2037 3309 2085 3385 τὰ
2102 3307 2219 3411 πράγ-

1232 3442 1335 3512 ματα
1356 3411 1507 3508 ἐλαύνῃε
1542 3416 1593 3486 lta
1609 3441 1675 3484 nos
1700 3433 1792 3484 certo
1809 3432 2003 3486 statuamus
2018 3412 2106 3485 haec
2120 3416 2220 3501 mala,

1234 3544 1386 3614 quorum
1409 3520 1535 3610 partim
1559 3519 1700 3601 dolore,
1739 3520 1866 3607 partim
1891 3533 1986 3588 metu
2011 3540 2220 3601 exercemur,

1234 3646 1309 3693 non
1331 3623 1475 3701 existere
1493 3620 1663 3702 fortuito,
1689 3623 1749 3688 sed
1776 3622 1879 3689 certis
1902 3622 1945 3687 de
1963 3621 2096 3689 caussis
2111 3645 2131 3688 a
2145 3617 2220 3688 Deo

1235 3723 1380 3792 immitti
1401 3721 1522 3813 generi
1545 3716 1720 3804 humano,
1751 3735 1784 3789 et
1807 3721 1964 3813 permitti
1988 3735 2028 3790 nt
2049 3720 2221 3791 Diabolus

1235 3838 1340 3896 autor
1355 3824 1591 3893 calamitatum
1608 3823 1737 3891 saeviat
1761 3824 1952 3914 aliqnando
1977 3822 2012 3890 in
2038 3823 2141 3893 terris
2157 3823 2222 3890 im·

1236 3927 1387 3995 manius.
1425 3927 1477 3994 Ac
1493 3948 1652 3992 cumnos
1672 3924 1854 4015 cupiamus
1871 3948 1943 3992 esse
1962 3925 2141 3995 incorum
2156 3948 2223 3994 nu-

1237 4050 1353 4106 mero,
1379 4027 1440 4137 qni
1457 4021 1591 4097 Christi
1605 4025 1759 4118 primum
1775 4027 1902 4116 ipsius,
1928 4025 2056 4095 deinde
2071 4022 2224 4118 Aposto-

1237 4132 1354 4199 lorum
1375 4120 1565 4217 pricconio
1585 4128 1768 4196 convocati
1790 4130 1909 4210 farere,
1944 4143 1978 4196 et
2001 4138 2101 4197 necne
2120 4127 2224 4197 etiam

1238 4231 1356 4299 verbis
1376 4230 1527 4298 illorum:
1544 4242 1800 4314 convocantur,
1824 4230 1888 4322 qui
1910 4240 1960 4298 est
1982 4243 2104 4299 coetus
2121 4224 2223 4300 Chri·

1237 4332 1374 4419 silanus
1397 4344 1431 4401 et
1445 4328 1602 4401 Ecclesia
1617 4328 1704 4413 Dei,
1730 4356 1804 4401 non
1827 4331 1978 4425 querelis
2000 4345 2034 4400 et
2056 4355 2124 4400 nos
2138 4331 2224 4411 alios

1238 4434 1445 4522 defatigare,
1468 4433 1527 4501 sed
1544 4426 1611 4501 hoc
1632 4455 1733 4521 agere
1749 4449 1783 4502 et
1797 4435 1961 4524 perficere
1978 4434 2225 4517 debemus,‚ut

1238 4535 1421 4627 veritatem
1447 4533 1621 4619 colamus,
1654 4548 1688 4604 et
1709 4534 1813 4623 fidem
1833 4532 1909 4604 Deo
1933 4548 2169 4626 praestemus,
2189 4544 2225 4617 ,et

200 4621 378 4737 similibus
392 4619 514 4711 copiis.
563 4618 654 4689 Nam
669 4621 799 4715 quibus
819 4647 884 4692 nos
905 4626 1010 4695 rebus
1027 4626 1209 4700 instnrcti'
1237 4637 1320 4706 freti
1337 4635 1584 4704 *misericordia
1607 4634 1703 4703 illins
1728 4637 1957 4705 consistamus
1982 4636 2133 4729 quisque
2164 4658 2225 4705 sno

202 4743 342 4839 sumus,
366 4720 404 4788 td
428 4732 501 4806 est,
526 4715 747 4829 humanitate
769 4723 809 4793 in
830 4724 958 4799 litteris
971 4741 1005 4797 et
1020 4730 1209 4821 mediocri·
1239 4739 1335 4825 loco,
1361 4736 1741 4829 nontsolnmufortiter,
1762 4750 1930 4831 tanquam
1948 4738 1983 4805 in
2003 4738 2076 4806 acie
2092 4759 2228 4829 pugna-

195 4822 403 4895 erudrtrone
424 4845 467 4891 ac
489 4822 668 4907 doctrina,
689 4827 1020 4920 caenoquefirmae
1039 4834 1122 4901 satis
1144 4836 1189 4902 ad
1233 4832 1337 4927 turi,
1363 4826 1403 4906 s'i'
1418 4861 1556 4908 necesse
1577 4839 1643 4916 sit,
1669 4840 1730 4909 sed
1765 4840 1962 4930 perpessuri
1986 4841 2092 4910 etiam
2122 4862 2229 4932 quae-

200 4925 476 5044 protegendnm,
502 4925 774 5039 nequeuflvalidae
789 4932 832 5035 acl
850 4930 1112 5037 defendendum
1135 4946 1205 5004 rc-'
1240 4936 1510 5035 cunque'oblata
1525 4938 1673 5027 fuerint,
1688 4939 1843 5010 scientes
1856 4940 1983 5025 Deum,
2009 4940 2071 5035 qni
2086 4946 2232 5033 ptdpter

197 5038 390 5120 penuntur
411 5019 678 5119 hoc'tempore,
705 5029 911 5139 quolanimi
925 5025 1120 5105 hominum
1136 5036 1192 5105 di·
1234 5028 1355 5126 {filium
1376 5032 1714 5119 nos.benevolentia
1732 5038 1797 5111 sua
1819 5030 2020 5134 complexus
2043 5043 2133 5127 fuit,
2158 5065 2232 5113 non

867 5164 870 5169 ·
1183 5203 1185 5207 a
1242 5165 1343 5235 posse
1360 5142 1499 5211 anobis
1518 5164 1591 5210 esse
1602 5142 1770 5216 alienum.
1804 5139 1871 5213 ‘Et
1887 5139 1983 5213 barne
2005 5156 2237 5217 conservatu-

1243 5267 1323 5325 rum
1338 5239 1480 5321 Christo
1503 5267 1567 5312 suo
1586 5242 1772 5335 proprium
1797 5258 1955 5330 coetum,
1980 5244 2107 5337 inquo
2124 5244 2238 5339 ipsius

1244 5340 1369 5416 caritas
1390 5346 1425 5416 et
1448 5343 1593 5429 merita,
1618 5368 1658 5414 ac
1674 5340 1843 5416 beneficia
1858 5345 2136 5417 inaestimabilia
2153 5372 2241 5439 per·

1242 5459 1346 5540 petua
1362 5446 1629 5539 praedicentur,
1652 5460 1687 5516 et
1703 5447 1870 5519 laudetur
1884 5449 1958 5542 ipse
1967 5447 2075 5519 Pater
2084 5446 2242 5521 Domini

199 5215 436 5243 n--n—-m

271 5290 670 5443 epistplnssbppp'flimersriis
679 5292 916 5411 etjslterrsfane⁸
927 5288 1065 5411 sequitur,
1082 5327 1195 5411 Melpu-

202 5496 206 5501 .
269 5390 378 5515 :miii
391 5391 879 5534 uonqqsuppps‘qpaeaipgppoadlpcu,
893 5398 999 5541 videtur
1014 5407 1097 5468 agatur
1111 5398 1195 5454 leuse
