4868 6420
193 336 271 414 603

192 470 265 581 Νο.
283 503 397 584 5052.

207 604 379 635 m

1028 505 1176 580 thoos

1018 598 1187 632 Μ

506 659 566 747 Μ.
593 657 903 771 Meienburgt'n.

306 802 392 878 uper.
411 803 459 860 us.
477 805 512 861 v.
526 825 554 879 p.
571 805 624 861 sss
641 823 683 878 sq.

185 944 188 947 ·
229 905 478 983 Michaelt
496 906 853 1005 Meienburgio‚
886 904 1032 979 consuli
1052 901 1171 980 Nort-

626 1006 785 1082 burano.

206 1113 252 1207 S·
272 1132 317 1210 D.
368 1131 569 1204 Clarissime
585 1133 659 1219 vir,
674 1148 709 1204 et
725 1135 835 1202 amice
850 1129 1063 1204 charissime.
1096 1128 1198 1199 Non-

209 1239 295 1305 dum
317 1237 463 1305 rediisse
476 1258 540 1303 vos
554 1237 699 1304 domurn
720 1236 929 1307 arbitrabar.
981 1231 1065 1302 ldeo
1081 1229 1198 1320 Magi-

207 1350 280 1407 stro
303 1331 469 1405 Erosmo
493 1335 726 1426 proficiscenti
750 1337 838 1407 istuc
859 1335 950 1404 nibil
974 1335 1054 1403 dedi
1078 1333 1199 1401 litera-

209 1438 307 1523 rum,
322 1437 527 1529 praesertim
542 1460 624 1508 eum
641 1437 743 1506 valde
759 1451 947 1529 occupatus
963 1460 1083 1504 essem.
1113 1433 1198 1523 Lip-

210 1540 316 1622 siam,
345 1535 422 1608 Deo
448 1539 609 1623 iuvante,
644 1551 815 1608 venturus
840 1562 916 1606 snm
943 1539 1000 1605 die
1022 1535 1199 1628 Dionysii,

197 1654 244 1711 'et
262 1639 452 1728 adiungam
480 1635 571 1709 mibi
601 1639 739 1711 itineris
769 1641 930 1708 comitem
954 1628 1200 1732 Christopho-

210 1764 312 1824 rum,
337 1740 449 1810 filium
465 1755 640 1820 vestrum,
661 1743 762 1810 cuius
778 1743 891 1808 stadia
908 1741 1067 1809 existimo
1085 1737 1199 1807 iuvari

208 1865 312 1938 posse
326 1865 345 1910 a
360 1840 556 1913 Licentiato
572 1835 857 1915 Schneidewin.
908 1842 1019 1924 Saepe
1035 1841 1138 1908 etiam
1157 1841 1199 1906 cle

210 1938 459 2037 Stramburgo
481 1943 649 2033 cogitavi,
674 1944 735 2014 sed
758 1957 936 2036 oporteret
955 1934 1195 2037 Christoplto·

211 2062 292 2113 rum
306 2058 425 2115 tenere
439 2044 525 2115 artis
543 2044 657 2118 initia.
1074 2121 1075 2124 Ἴ

308 2143 417 2215 Mitto
440 2145 543 2216 vobis
564 2145 777 2235 exemplaria
801 2144 903 2231 libri,
928 2169 1034 2238 quem
1057 2151 1201 2234 propter

209 2246 380 2315 immania
410 2247 511 2333 odia,
542 2270 633 2341 quae
660 2248 730 2318 iam
752 2261 874 2318 contra
907 2271 963 2315 me
987 2258 1201 2325 exarserunt,

209 2370 285 2418 non
309 2347 463 2417 libenter
489 2349 556 2418 ulli
580 2349 741 2417 dedicavi
768 2347 991 2419 nominatim.
1050 2347 1117 2416 Sed
1144 2369 1199 2413 me

211 2449 354 2518 absente
367 2448 491 2518 titulus
505 2450 553 2517 ita
568 2449 760 2541 inscriptus
774 2463 826 2520 est
840 2442 888 2542 ⁴⁸).
938 2448 1113 2518 Diabolus
1141 2448 1197 2513 in-

209 2549 346 2637 signem
359 2549 649 2621 calumniatorem
668 2563 789 2621 contra
807 2573 863 2618 me
877 2549 1056 2634 excitavit,
1070 2548 1129 2640 qui
1145 2548 1198 2616 sa-

210 2650 368 2719 mitiores
379 2673 558 2722 sermones
576 2651 697 2735 effert,
720 2663 755 2720 et
769 2650 933 2739 adfingit,
957 2674 1045 2742 quae
1062 2649 1127 2740 ipsi
1145 2647 1199 2714 vi-

210 2750 343 2820 dentur
363 2751 492 2821 idonea
514 2776 578 2822 suo
603 2765 822 2842 argumento.
882 2748 978 2819 Hace
998 2766 1050 2821 cst
1072 2749 1197 2819 usitata

209 2866 362 2936 merces,
385 2877 474 2946 quae
498 2878 564 2945 pro
586 2855 708 2924 multis
732 2853 867 2942 magnis
890 2852 1072 2922 laboribus
1094 2852 1199 2919 nobis

208 2953 249 3023 in
266 2951 463 3045 Republica
479 2954 651 3024 redditur.
703 2955 773 3026 Sed
788 2957 997 3023 commendo
1011 2948 1098 3022 baec
1112 2951 1199 3036 Deo,

209 3067 246 3125 et
266 3049 450 3125 honestam
474 3054 741 3147 responsionem
770 3056 930 3126 editurus
958 3078 1047 3128 sum.
1100 3051 1141 3124 B.
1166 3069 1199 3125 et

196 3155 266 3224 so.
284 3157 407 3231 valete.
433 3150 540 3249 W)
557 3152 640 3233 Oct.
1016 3151 1148 3250 Philip.

753 292 1208 437 -uetsrononuu
1259 320 1468 407 urn.1x.
1523 323 1689 450 rste„

2160 317 2237 393 504

1242 497 1340 567 simis
1363 498 1587 569 sermonibus
1609 498 1764 567 lenietur
1784 494 1922 566 itineris
1939 480 2126 577 molestia,
2152 516 2234 562 com

1243 624 1306 692 per
1315 595 1597 690 Thtrringiacum
1610 601 1738 671 saltum
1755 612 1789 668 et
1802 597 1965 668 Nariscos
1981 611 2061 665 tuos
2075 595 2233 664 eundum

1136 706 1138 710 ’
1243 704 1319 774 erit.
1345 697 1425 772 Etsi
1440 715 1474 771 te
1492 701 1635 795 quidem
1654 696 1861 770 habiturum
1874 690 2154 768 Ballorhodum
2169 719 2234 766 au·

1245 805 1379 888 dimus,
1402 827 1484 872 cum
1507 827 1579 896 quo
1602 803 1650 872 ita
1675 815 1778 872 erunt
1797 801 1929 883 multa,
1962 823 2052 892 quae
2071 799 2171 867 voles
2194 820 2234 867 ae

1245 906 1365 996 cupies
1388 903 1506 998 loqui,
1531 917 1565 973 et
1586 917 1719 974 tantam
1736 905 1781 972 de
1805 902 1901 970 illius
1917 893 2153 992 ouvoputq'uer
2177 921 2235 969 oa-

1246 1007 1320 1097 pies
1350 1007 1587 1097 voluptatem,
1608 1018 1664 1074 ‘ut
1691 1027 1806 1098 neque
1838 1002 2099 1072 desideraturus
2127 1000 2233 1071 aliam

1244 1107 1543 1192 sublevationem,
1565 1130 1679 1199 neque
1702 1104 2023 1196 interpellationem
2043 1103 2155 1172 ullam
2172 1104 2234 1171 ad·

1245 1210 1417 1278 missurus
1431 1231 1505 1277 esse
1519 1207 1685 1277 videaris:
1713 1231 1836 1275 verum
1853 1206 1892 1273 in
1907 1205 2125 1297 praefectura
2139 1199 2232 1273 huuc

1244 1313 1390 1382 sortasse
1408 1309 1628 1402 relinquetis.
1679 1306 1729 1379 At
1741 1308 1825 1377 inde
1841 1308 1966 1387 etiam,
1993 1305 2056 1400 qui
2071 1329 2136 1373 vos
2151 1328 2231 1397 pro—

1245 1424 1454 1506 sequantur,
1488 1407 1664 1482 habebitis
1687 1424 1791 1480 notos
1810 1405 1973 1478 homines
1996 1422 2031 1478 et
2052 1408 2105 1478 tui
2120 1406 2232 1498 inpri-

1244 1514 1312 1582 mis
1329 1526 1496 1585 amaates.
1548 1511 1678 1581 Venies
1695 1513 1819 1594 etiam,
1841 1525 1883 1582 ut
1896 1511 2046 1602 opinor,
2071 1511 2115 1578 ad
2132 1531 2232 1600 prae·

1245 1616 1375 1684 sectum
1382 1606 1642 1706 Ιίιςιίηηοηιὶι
1654 1609 1683 1706 ),
1697 1613 1798 1682 euius
1814 1608 2015 1683 humanitas
2031 1624 2066 1681 et
2079 1611 2231 1678 suavita-

1247 1717 1291 1786 tis
1316 1729 1419 1808 atque
1441 1715 1599 1806 profecto
1622 1716 1727 1784 etiam
1751 1714 1941 1804 sapientiae
1960 1738 2035 1782 non
2056 1712 2231 1804 relinquet

1246 1818 1364 1886 locum
1379 1816 1505 1886 alienis
1520 1815 1831 1907 disputationibus.
1871 1814 1961 1885 Nam
1978 1815 2053 1884 illic
2069 1839 2141 1908 quo
2157 1825 2232 1882 ten-

1246 1919 1321 2003 dis,
1341 1917 1412 1986 seio
1436 1918 1502 1988 tibi
1524 1918 1611 1987 tales
1628 1940 1746 2002 curas,
1773 1916 1999 2008 negociorum
2014 1931 2159 1987 tuorum
2174 1938 2231 1983 oc-

1248 2018 1496 2111 cupationibus
1526 2033 1560 2089 et
1587 2021 1703 2090 cariss.
1727 2018 1793 2088 tibi
1827 2017 1931 2088 amici
1958 2017 2149 2111 colloquiis
2174 2039 2231 2106 pe-

1248 2121 1344 2190 nitus
1372 2143 1554 2190 excussum
1588 2120 1646 2192 iri.
1701 2118 1770 2190 Sed
1804 2134 1843 2189 tu
1874 2115 1983 2190 habes
2015 2117 2231 2201 Sadoletnm,

1248 2245 1352 2314 quem
1373 2217 1540 2293 habuisti.
1599 2215 1695 2289 Mihi
1719 2221 1884 2313 quidem,
1918 2244 2032 2312 nuper
2054 2219 2159 2289 istinc
2179 2242 2231 2287 re·

1247 2346 1347 2391 verso
1363 2325 1528 2405 domum,
1555 2322 1732 2410 regustavi
1756 2323 1945 2413 scriptum,
1971 2323 2102 2412 placuit
2118 2320 2232 2390 consi-

1246 2424 1335 2492 lium
1357 2425 1473 2515 operis
1489 2438 1522 2492 et
1544 2423 1695 2492 imitatio
1712 2423 1944 2516 antiquitatis.
1996 2419 2048 2491 Ae
2071 2424 2116 2491 de
2138 2435 2231 2490 utra-

1247 2549 1315 2616 que
1332 2548 1388 2610 re,
1413 2527 1470 2593 vel
1486 2524 1600 2616 potius
1618 2526 1661 2591 de
1679 2538 1750 2595 toto
1767 2548 1872 2615 opere
1885 2538 1987 2593 tuum
2002 2524 2176 2593 iudicium
2191 2525 2231 2592 ad

1247 2649 1312 2694 nos
1327 2627 1532 2718 perscribes.
1583 2617 1787 2718 Cosporem
1812 2620 1880 2694 hoe
1897 2639 2055 2716 tempore
2075 2620 2162 2695 hinc
2179 2648 2233 2693 er·

1247 2727 1373 2817 patiari
1386 2729 1530 2798 moleste
1544 2727 1719 2807 ferebam,
1746 2752 1824 2796 eum
1842 2727 1988 2797 instaret
2002 2719 2232 2821 ἅρχαιρεσία,

1246 2827 1285 2896 in
1300 2852 1369 2922 qua
1379 2822 1591 2925 χειροτονία
1606 2828 1716 2921 ipsius
1739 2841 1878 2919 poterat
1894 2853 1951 2899 me
1965 2851 2057 2897 nova
2075 2829 2234 2898 solicitu-

1246 2928 1331 3025 dine
1347 2930 1509 3004 liberare.
1547 2928 1649 2998 Hanc
1666 2916 1846 3021 epistolam
1862 2931 1891 2997 si
1908 2930 2055 3021 accipies
2071 2942 2153 2999 ante
2169 2929 2235 2999 iter

1247 3044 1368 3115 tuum,
1393 3033 1448 3101 fac
1462 3032 1633 3101 rescribas
1649 3031 1752 3100 nobis
1767 3032 1974 3123 priusquam
1990 3032 2233 3123 proficiscaris.

1247 3128 1326 3202 Hoc
1343 3127 1432 3200 mihi
1448 3133 1514 3202 erit
1528 3133 1777 3222 gratissimum.
1828 3129 1948 3201 Etiam
1971 3157 2012 3201 ex
2030 3132 2159 3202 itinere
2173 3138 2240 3201 ve-⁸

1247 3232 1311 3301 lim
1335 3238 1472 3328 φοιτᾶν
1493 3229 1584 3327 πρὸς
1604 3229 1702 3327 ἡμᾶς
1723 3232 1843 3303 literas
1863 3225 1941 3303 luas
1960 3256 2033 3302 non
2051 3234 2169 3303 solum
2190 3235 2234 3303 ad

1246 3332 1432 3404 levandam
1466 3335 1728 3406 solicitudinem
1760 3357 1892 3418 meam,
1924 3359 2030 3427 quam
2063 3335 2236 3431 relinquit

1051 3469 1106 3534 14.
1123 3464 1195 3531 Oet.

1018 3554 1188 3584 m

476 3608 627 3693 Ioaelt.
660 3604 921 3693 Cu'merario.

196 3794 199 3799 .
223 3764 226 3769 '
274 3751 353 3807 Edita
366 3752 395 3806 in
413 3750 505 3806 trenta
521 3750 652 3806 Malantb.
684 3748 857 3805 rammaticae
875 3749 990 3817 latinae,
1008 3749 1094 3806 editae
1111 3772 1125 3805 a
1140 3751 1191 3806 Ca·

310 3820 440 3877 cinerario.
471 3821 561 3891 (Lipa.
580 3769 716 3879 Raab.)
758 3817 867 3888 Legitur
884 3819 964 3872 etiarn
983 3819 1030 3871 aed
1053 3838 1146 3874 aranea
1166 3823 1191 3870 io

305 3888 425 3959 epistolis
435 3886 468 3942 ad
476 3888 621 4011 famem.
631 3907 663 4012 p⁶
673 3886 734 3942 ⁴88.
747 3889 802 3954 (ed.
817 3886 903 3941 Loud.
917 3887 963 3942 W.
979 3907 1021 3956 ep.
1036 3887 1128 3951 ott).
1146 3888 1192 3943 ubi

308 3973 475 4011 eaarroraa
510 3974 614 4011 annun

303 4023 476 4097 epistolarum
494 4043 522 4099 p.
533 4025 595 4080 769.

189 4121 405 4229 Ι,Ρῦἰῖίρριιι
436 4123 716 4201 Metaoehtton

745 4122 993 4200 Ioaclsr'mo
1026 4122 1193 4202 Came-

245 4255 298 4303 ra
309 4233 352 4303 ri
356 4257 378 4304 o
399 4224 555 4328 Puberg.
581 4227 629 4304 V.
642 4238 714 4331 opt.
730 4231 849 4301 amico
864 4255 933 4302 suo
948 4228 1140 4302 carissimo

201 4344 249 4435 S.
273 4366 318 4442 D.
369 4366 558 4441 Facundus
578 4390 694 4437 eomes
719 4367 758 4437 in
774 4366 830 4436 via
857 4390 922 4458 pro
943 4361 1105 4439 vehiculo
1129 4387 1190 4442 cst.

200 4465 369 4560 Adiuuge
398 4467 508 4559 igitur
532 4467 758 4553 Sadoletum,
789 4493 870 4539 cum
894 4467 1102 4538 Francicuns
1125 4472 1191 4542 iter

200 4565 413 4665 ameipiea¹)
429 4570 499 4641 nisi
513 4570 610 4642 venit
625 4570 686 4639 ille
702 4570 792 4640 istuc
809 4571 963 4653 tardius,
981 4571 1016 4637 id
1034 4574 1127 4663 quod
1145 4575 1190 4644 de

199 4671 418 4747 iudicatione
434 4671 575 4743 consilii
588 4671 641 4741 tui
653 4671 873 4741 verebamur.
925 4669 1041 4741 Huius
1059 4672 1188 4743 duleis-

233 4877 369 4950 moqut
388 4864 548 4932 vitaturus
567 4893 640 4931 nova
657 4873 778 4930 aditione
797 4874 924 4931 locorum
945 4873 1049 4928 Tbcolo
1070 4874 1187 4943 ieoruro,

664 3956 707 4012 st.
721 3955 854 4015 ruerant·
873 3957 951 4028 ates·
964 3955 1072 4009 ossan
1091 3959 1119 4010 in
1139 3957 1192 4012 a..
1240 3956 1308 4033 No.
1323 3955 1435 4033 sont.

1239 4580 1351 4677 llanc
1367 4606 1411 4676 ad
1427 4618 1462 4675 te
1478 4606 1663 4698 epistolam
1679 4610 1801 4702 scripsi
1819 4612 1876 4681 die
1895 4614 1953 4686 16.
1961 4607 2149 4694 Octobris.

1236 4708 1372 4780 dicatus
1389 4719 1441 4776 est
1455 4701 1594 4795 Gallo,
1620 4708 1784 4782 Helvetio
1801 4704 1958 4793 doctori,
1985 4738 2056 4808 quo
2069 4715 2134 4787 die
2148 4732 2236 4793 aute

1235 4832 1350 4881 annos
1364 4808 1462 4882 1870
1472 4803 1509 4906 *)
1523 4826 1684 4882 mortuus
1700 4810 2037 4897 estDernosthenes,¹
2060 4830 2145 4888 eum
2163 4820 2236 4890 sub

1246 3435 1351 3505 nobis
1361 3449 1420 3507 tua
1428 3435 1674 3528 peregrinatio,
1688 3436 1748 3505 sed
1765 3424 1829 3506 ἵνα
1846 3430 1997 3531 petroio*
2012 3430 2061 3508 ἂν
2076 3430 2235 3533 εὐφραί-

1243 3559 1356 3610 votae.
1391 3535 1487 3607 Bene
1502 3552 1537 3609 et
1553 3537 1701 3606 feliciter
1718 3533 1796 3606 vale
1810 3559 1891 3607 eum
1906 3537 2041 3609 familia
2056 3539 2236 3610 universa.

1242 3634 1365 3744 Pridie
1384 3635 1513 3710 Iduum
1530 3635 1712 3712 Octobris.

2089 3974 2146 4039 16.
2162 3966 2238 4032 Ort.

1246 4050 1418 4089 W
2059 4056 2240 4091 Μ

1550 4107 1611 4197 Μ.
1640 4105 1920 4199 δι’ἆεηιαηηο.

1306 4245 1386 4319 ss:
1403 4245 1559 4319 apographo
1577 4246 1606 4301 in
1625 4249 1689 4306 eod.
1707 4251 1791 4307 Goth.
1812 4252 1870 4307 191.
1889 4271 1918 4326 p.
1930 4251 1975 4309 61.
1993 4280 2027 4297 -
2059 4248 2239 4322 (senasi-

1342 4317 1620 4440 uulopsspinlgppppi
1635 4322 1688 4442 gp.
1702 4315 1798 4390 1962.)
1819 4323 1997 4396 apographon
2016 4322 2097 4378 etiam
2115 4324 2239 4379 huon

1455 4481 1680 4560 Martiae
1706 4485 2029 4585 Sr'demauuo.⁸

1338 4382 1421 4442 tosa

2170 4639 2239 4709 <1¹²¹

267 4945 320 5029 ⁶¹¹5,
335 4945 521 5018 ¹l’908'2l'hm
542 4945 737 5016 Wffllonem
764 4960 839 4999 anuo
865 4944 939 4999 1543.
966 4959 981 4995 a
1008 4942 1186 4999 Meauthoue
1239 4950 1458 4963 ··“····“··

266 5024 414 5088 temptam,
432 5013 487 5069 hoc
498 5013 602 5085 torcio,
620 5011 751 5084 praeliait.

230 5100 284 5175 W)
301 5100 363 5155 Nou
382 5099 409 5156 d.
428 5099 454 5153 4.
466 5097 532 5155 θοι.
551 5099 651 5168 scripta
668 5115 727 5152 aare
749 5093 1183 5170 potaat,aedd.14.0ct.post·

266 5187 347 5244 quam
361 5186 393 5223 ex
405 5167 534 5223 nundinia
547 5167 674 5223 redierat.

231 5258 260 5325 1)
278 5257 323 5314 De
343 5252 396 5308 boc
414 5250 511 5305 itinere
528 5249 582 5307 rid.
601 5269 643 5321 ep.
664 5250 690 5307 d.
712 5249 737 5306 ⁵.
756 5260 782 5305 et
802 5251 844 5306 16.
859 5249 921 5307 Oct.
940 5246 1016 5305 1544.
1053 5248 1183 5306 voluens

264 5320 436 5379 Camerarius
454 5319 509 5374 iana
521 5337 615 5373 menae
632 5320 717 5390 apriti
730 5320 865 5391 proticisci
878 5317 907 5374 iu
919 5318 1117 5381 franconiam.
1134 5324 1181 5375 sed

262 5390 408 5462 impeditus
421 5397 463 5443 est
474 5406 518 5454 eo,
538 5389 611 5458 quod
624 5398 754 5444 matrs
765 5389 868 5447 aestivo
881 5407 1004 5444 summus
1016 5388 1180 5445 Academiae

258 5460 429 5532 magistratus
441 5457 472 5513 si
481 5456 586 5512 delatus
597 5465 646 5512 sat.

1266 5019 1295 5087 2)
1315 5017 1491 5090 Regiomouti
1505 5017 1534 5073 io
1548 5018 1710 5079 Franeouia.

1267 5101 1297 5174 δ’)
1314 5103 1408 5173 Quum
1424 5104 1621 5161 Demosthenes
1633 5109 1661 5163 in
1678 5108 1791 5164 Calend.
1804 5108 1887 5166 llberi
1903 5121 2029 5170 mounes
2046 5134 2107 5173 asae
2121 5116 2235 5178 haas

1301 5175 1329 5226 d.
1353 5174 1395 5227 16.
1410 5169 1474 5228 Oct.
1496 5175 1643 5232 aunum.
1661 5190 1726 5233 aute
1744 5177 1880 5235 Christum
1901 5181 1969 5240 haee
1987 5201 2030 5256 ep.
2050 5185 2152 5258 mlpta
2174 5188 2234 5245 lau

1300 5252 1369 5295 esset
1388 5261 1412 5295 a.
1434 5243 1508 5296 rote.
1543 5242 1599 5295 sed
1619 5244 1668 5299 illo
1688 5265 1761 5301 anno
1773 5248 1957 5305 Sidamannua
1978 5271 2035 5307 uon
2056 5253 2111 5308 tois
2127 5252 2234 5312 Mana-

1299 5309 1416 5391 leldiae‚
1431 5311 1478 5365 aed
1498 5307 1760 5389 potius-Erlordiae,
1777 5335 1865 5388 neque
1887 5318 1937 5371 illo
1953 5339 2026 5375 anno
2045 5323 2100 5379 loci
2115 5322 2232 5382 Met-

1299 5378 1389 5431 tbouta
1410 5379 1581 5451 prodierunt.
1615 5381 1753 5455 sequutus
1768 5394 1808 5439 eat
1829 5387 1913 5456 igitur
1927 5389 2090 5445 Melanthos!
2101 5392 2164 5449 siue
2177 5394 2233 5451 dd·

1297 5447 1348 5503 bio
1371 5448 1453 5502 aliam
1472 5450 1648 5521 computandi
1667 5455 1813 5509 rationem·
1848 5460 1886 5511 Αι
1909 5456 2024 5514 manus
2055 5461 2135 5531 qnos
2153 5461 2233 5523 ΙαΙ.
