4868 6420
212 285 287 357 727

219 459 352 530 dicasse
367 458 527 544 beatum,
552 460 647 551 quod
663 458 738 528 sine
752 458 1036 550 interpellatione
1051 458 1091 526 in
1111 456 1207 546 cogi-

114 550 117 559 ’
217 562 349 631 tatione
370 561 593 631 dulcissimae
617 563 798 632 doctrinae
815 564 959 636 viveret.
1009 558 1105 629 Haec
1126 584 1207 628 curn

218 677 362 756 questus
378 657 423 731 sit
439 664 499 730 ille
515 660 655 733 Atticus
681 665 824 753 ignarus
839 665 997 732 coelestis
1012 662 1206 745 doctrinae,

216 778 350 859 quanto
374 765 484 854 magis
510 789 575 834 nos
604 767 704 859 queri
734 767 966 850 debebamus,
997 778 1095 834 tanto
1121 787 1207 832 con-

216 892 321 937 cursu
340 866 610 959 occupationum
623 863 670 959 ⁴),
696 893 784 962 quae
801 869 936 937 alienae
951 880 1067 937 sunta
1082 865 1207 948 literis,

144 986 147 1000 ·
216 969 380 1060 impediri
406 981 524 1038 nostra
550 972 678 1039 studia.
744 971 813 1041 Sed
838 994 978 1039 oremus
997 967 1132 1051 Deum,
1165 979 1206 1036 ut

214 1095 280 1139 nos
305 1085 401 1159 regat
425 1066 496 1165 et⁵)
526 1071 632 1141 faciat
659 1096 790 1161 organa
816 1069 952 1154 ἐλέους,
988 1069 1056 1142 οὐκ
1081 1066 1203 1167 ὀργῆς.

214 1164 454 1252 †Chilianus
469 1175 513 1240 de
529 1188 561 1242 te
578 1188 612 1242 et
625 1188 785 1245 amanter
802 1189 836 1244 et
857 1169 1051 1243 honorifice
1065 1174 1204 1241 locutus

213 1289 282 1359 est,
314 1299 417 1369 quem
450 1289 490 1346 ut
517 1275 671 1344 vicissim
702 1278 935 1366 complectare
961 1277 1067 1344 etiam
1098 1288 1204 1366 atque

66 1377 70 1389 '
152 1458 155 1462 ι
212 1371 490 1471 etiamrog0''⁶).
543 1373 699 1466 Agamus
714 1376 790 1447 Deo
808 1379 945 1466 gratias,
971 1378 1066 1470 quod
1085 1371 1203 1444 hacte-

211 1502 280 1548 nus
299 1479 509 1549 mediocrem
533 1490 567 1547 et
582 1480 720 1547 dulcem
739 1480 964 1548 concordiam
988 1475 1114 1547 harum
1132 1474 1203 1545 Ec-

211 1576 432 1672 elesiarumb
463 1581 567 1650 nobis
594 1581 709 1665 dedit,
744 1597 779 1652 et
809 1576 901 1650 hanc
931 1583 1030 1650 omni
1064 1580 1203 1664 studio,

167 1673 169 1676 ⁵
209 1696 301 1769 arte,
327 1683 756 1756 moderationetueamur.

291 1845 429 1918 Recens
445 1847 483 1915 in
498 1845 641 1936 Belgico
650 1841 678 1940 ⁸)
693 1861 854 1915 matrona
868 1847 1001 1917 nobilis
1017 1872 1096 1917 cum
1112 1848 1201 1916 dua-

208 1951 275 2019 bus
299 1950 439 2019 filiabus
462 1950 589 2040 pudice
600 1943 628 2042 ⁹)
655 1963 689 2016 et
713 1949 770 2039 pic
796 1949 951 2018 educatis
974 1963 1125 2019 cremata
1151 1963 1201 2019 cst

208 2064 353 2145 propter
386 2051 466 2142 piae
493 2048 676 2120 doctrinae
703 2052 978 2132 confessionem,
1015 2066 1049 2121 et
1081 2053 1200 2136 audio,

206 2177 264 2223 eas
294 2178 367 2223 non
398 2154 504 2222 fuisse
536 2152 790 2222 contaminatas
822 2153 925 2221 malis
955 2153 1198 2244 opinionibus.

204 2253 368 2349 Cumque
392 2254 543 2324 iunioris
571 2255 664 2323 filiae
692 2254 904 2345 supplicium
927 2256 1077 2324 dilatum
1100 2270 1199 2341 esset,

205 2370 245 2428 ut
262 2358 460 2449 spectaculo
484 2357 726 2444 frangeretur,
752 2357 966 2445 interrogata
987 2370 1125 2447 postea,
1151 2382 1197 2426 an

204 2473 425 2529 recantatura
444 2472 542 2542 esset,
567 2458 762 2548 respondit,
790 2480 825 2525 se
843 2458 972 2527 ituram
986 2461 1029 2539 ad
1047 2471 1196 2528 matrem

203 2575 238 2632 et
254 2584 412 2630 sororem
422 2557 462 2655 ¹⁰)
478 2560 516 2627 in
534 2561 683 2628 coelum.
737 2557 788 2627 lta
805 2571 839 2628 et
856 2561 900 2627 de
921 2560 996 2651 ipsa
1014 2574 1196 2653 sumptum

132 2674 140 2690 ⁸
203 2677 255 2733 est
281 2661 506 2754 supplicium.
566 2659 664 2749 Quas
687 2684 794 2751 rupes
816 2685 905 2753 quos
933 2663 1096 2753 scopulos
1121 2688 1195 2732 non

200 2778 360 2834 moveret
382 2759 468 2833 haec
489 2763 680 2853 asperitas?
711 2760 783 2831 Nec
807 2777 921 2853 potest
944 2759 1029 2834 haec
1049 2765 1193 2834 saevitia

201 2867 371 2937 diuturna
388 2889 472 2937 esse.
532 2863 602 2935 Sed
616 2865 729 2933 lilium
746 2861 814 2932 Dei
829 2866 1015 2934 dominum
1034 2881 1195 2936 nostrum

200 2967 230 3041 I.
244 2967 283 3040 C.
300 2991 458 3053 oremus,
482 2979 523 3034 ut
547 2990 611 3034 nos
628 2979 725 3053 regat
749 2980 784 3035 et
805 2980 919 3037 servet
941 2962 1004 3036 has
1019 2964 1195 3038 Ecclesias

200 3070 402 3163 etpolitias.
455 3063 564 3137 Anno
591 3063 701 3140 1545.

583 3269 623 3277 .-
1123 3270 1189 3280 -u

208 3387 277 3463 No.
292 3388 405 3482 8171.

531 3545 583 3674 ῘῙ.
616 3588 852 3674 Theodoro.

263 3764 349 3836 Epist.
364 3765 414 3818 lib.
429 3765 476 3820 Vl.
491 3784 518 3832 p.
531 3761 583 3820 484
595 3786 637 3838 eq.
654 3799 690 3808 -
714 3767 768 3823 llic
783 3786 813 3820 er
828 3768 996 3840 autographo
1011 3768 1040 3822 in
1054 3770 1190 3826 codMo·

298 3853 359 3890 nae.
374 3834 397 3888 l.
411 3854 438 3904 p.
451 3835 511 3889 612.

194 3985 249 4061 D.
276 3983 324 4064 V
328 3989 390 4059 ito
408 3986 671 4073 Theodoro,
699 3965 1039 4091 docentiEoongel.
1057 3995 1097 4064 in
1112 3994 1191 4069 Ec·
1215 3961 1219 4048 l
1244 4043 1475 4052 ——-—---

526 4091 638 4165 clese'a
660 4089 857 4191 Noriberg.

198 4203 242 4295 S·
260 4223 305 4299 Ι).
340 4224 416 4296 Hac
433 4241 536 4298 nocte
554 4229 649 4298 filius
663 4226 731 4298 Dei
747 4233 908 4302 aditurus
923 4257 1071 4323 agonem
1087 4259 1192 4308 suum

196 4351 263 4419 pro
281 4324 441 4398 Ecclesia
463 4342 624 4420 precatus
642 4345 710 4414 est,
736 4346 769 4401 et
785 4357 830 4402 ne
853 4334 914 4405 lux
926 4333 1115 4428 Evangelii
1131 4363 1191 4408 ex-

791 242 1232 359 nersronaaun
1290 276 1493 354 arnrx.
1545 275 1677 387 154⁵.

2178 287 2255 361 '128

1259 444 1374 546 πάτερ
1401 449 1502 552 ἅγιε,
1534 447 1695 551 ἁγίασον
1718 449 1816 547 ἡμᾶς
1840 454 1881 529 ἐν
1904 460 1952 551 τῇ
1980 453 2140 555 ἀληθείᾳ
2161 481 2249 546 σου,

1259 551 1322 626 καὶ
1341 549 1498 648 ποίησον
1521 550 1618 648 ἡμᾶς
1639 556 1680 628 ἐν
1700 552 1811 644 εἶναι,
1845 558 1885 630 ἐν
1908 556 1967 631 σοὶ
1986 557 2052 632 καὶ
2074 559 2146 656 υἱῷ
2166 568 2250 639 σοῦ.

1257 655 1415 726 Decrevi·
1426 657 1570 752 Sylvam
1585 658 1828 750 tibiopusculi
1844 663 1982 733 mittere
1995 677 2076 752 post
2092 688 2190 753 pasca
2198 658 2246 759 *).

1258 757 1362 828 Nunc
1386 761 1480 827 enim
1505 752 1619 829 habeo
1640 785 1763 851 operas
1783 763 1933 843 aulicas,
1959 788 1998 834 ac
2020 765 2127 835 video
2150 768 2247 855 prin-

1258 861 1351 952 cipio
1369 862 1454 931 libri
1467 861 1577 930 multa
1593 875 1627 931 te
1643 864 1699 954 pie
1715 879 1748 934 et
1766 864 2136 959 plausibiliter'dicere
2150 892 2250 960 posse

1258 964 1301 1032 de
1320 988 1403 1032 vero
1426 989 1493 1033 usu
1514 962 1841 1049 Sacramentorum,
1867 991 1908 1048 ac
1923 968 2108 1059 deplorare
2136 970 2249 1040 coeci-

1258 1078 1364 1134 tatem
1380 1066 1663 1135 adversariorum
1684 1079 1718 1136 et
1738 1069 1900 1137 tenebras
1917 1071 2144 1160 superiorum
2161 1086 2248 1141 tem-

1257 1158 1397 1258 porum.
1450 1165 1515 1236 Ille
1535 1163 1761 1260 Sycophanta
1785 1183 1889 1259 negat
1904 1193 2008 1240 usum
2030 1172 2247 1246 Sacramenti

1256 1270 1421 1357 prodesse
1446 1271 1491 1339 ad
1511 1270 1789 1340 confirmandam
1809 1272 1914 1340 fidem
1933 1275 2104 1344 adversus
2118 1290 2248 1347 morta-

1256 1371 1304 1439 lia
1322 1372 1468 1455 delicta,
1494 1383 1632 1440 tantum
1647 1386 1748 1461 putat
1764 1373 1913 1442 venialia
1931 1375 2058 1460 deleri,
2085 1378 2194 1471 idque
2207 1402 2247 1448 ex

1255 1496 1360 1562 opere
1377 1486 1530 1566 operato,
1583 1470 1679 1542 Haec
1696 1487 1730 1544 ct
1746 1474 1875 1544 similia
1893 1477 2081 1548 refutanda
2097 1494 2193 1553 sunt.

1356 1573 1410 1643 De
1427 1576 1536 1644 altera
1552 1576 1769 1666 quaestione,
1795 1581 1976 1670 quomodo
1994 1581 2117 1650 decem
2133 1606 2245 1675 κατη-

1253 1671 1379 1773 γορίαι
1394 1675 1516 1747 sintin
1533 1700 1650 1762 coena,
1678 1679 1762 1747 nolo
1780 1693 1850 1749 ate
1867 1681 1976 1751 multa
1995 1682 2084 1766 dici,
2109 1707 2177 1753 nec
2190 1684 2245 1752 in-

1254 1790 1431 1867 terrogare
1466 1773 1534 1848 cdv
1565 1773 1793 1851 διδάσκαλον
1824 1783 1941 1868 volui,
1980 1778 2140 1881 ὀργίλως
2171 1780 2244 1884 γὰρ

1254 1872 1379 1951 ἀκούει
1408 1872 1635 1976 ἐρωτώντων
1663 1877 1727 1952 καὶ
1761 1879 1804 1955 οὐ
1838 1888 1969 1980 σαφῶς
1994 1882 2245 1981 ἀποκρίνεται

1252 1980 1329 2070 Ego
1347 1982 1412 2051 tibi
1435 1984 1657 2072 respondebo
1679 2009 1743 2075 per
1762 1987 1912 2056 alterum
1927 1987 2122 2071 nuncium,
2146 1990 2248 2060 cuius

1251 2078 1343 2151 mihi
1361 2085 1447 2155 fides
1471 2085 1590 2153 notior
1610 2100 1671 2158 est.
1723 2083 1814 2156 Cum
1837 2085 1980 2179 Collega
2000 2091 2134 2160 tuearis
2157 2116 2245 2184 quo-

1252 2210 1322 2277 quo
1338 2189 1446 2256 modo
1462 2187 1701 2260 concordiam.
1760 2188 1956 2280 Scripserat
1970 2193 2014 2260 ad
2030 2216 2090 2261 me
2106 2194 2152 2262 de
2167 2193 2247 2264 lite-

1250 2288 1300 2354 ris
1315 2289 1359 2356 ad
1374 2285 1493 2358 Eliam
1509 2288 1635 2374 missis,
1662 2313 1790 2383 easque
1802 2293 1996 2382 mitigabat.
2038 2294 2246 2384 Significavi

1249 2385 1343 2457 nihil
1384 2415 1528 2481 prorsus
1562 2415 1786 2481 permanasse
1819 2396 1863 2463 ad
1897 2387 2122 2470 Lulherum.
2155 2391 2244 2466 mibi

1250 2492 1352 2561 crede
1373 2517 1448 2561 non
1469 2506 1585 2586 potest
1607 2495 1847 2587 tranquillitas
1866 2497 2031 2578 retineri,
2059 2499 2133 2569 nisi
2155 2500 2245 2570 fera·

1248 2616 1329 2662 mus
1344 2595 1456 2664 multa
1473 2595 1597 2664 acerba
1612 2619 1651 2664 ac
1662 2596 1923 2669 dissimulemus
1939 2602 2069 2671 multas
2084 2601 2244 2675 iniurias.

1221 2689 1361 2792 ‘Kq’ryd
1397 2691 1513 2768 πολλὰ
1550 2690 1763 2789 ἀδικήματα
1801 2694 1865 2771 καὶ
1905 2697 2033 2796 ὕβρεις
2070 2697 2243 2785 πολλάκις

1314 2791 1324 2818 Ι

1247 2821 1376 2891 πρᾳως
1409 2807 1536 2894 φέρων
1570 2793 1724 2895 ἐσίγησα
1758 2796 1822 2872 καὶ
1851 2797 1938 2874 νυνὶ
1971 2801 2017 2875 οὐ
2042 2803 2244 2902 μέμφομαι

1221 2878 1297 2922 lot

1221 2923 1320 2992 ,κᾳν
1338 2893 1514 2994 χρήματα
1537 2895 1601 2971 διὰ
1627 2897 1759 2996 φίλους
1790 2900 1979 2976 ἇναλίσκω
2006 2931 2090 2977 curn
2116 2932 2243 2998 magno

1248 3025 1409 3070 meorum
1426 3004 1650 3072 detrimento.
1691 3003 1761 3075 Sed
1779 3007 1987 3097 quidnobis
2006 3008 2244 3079 blandimur?

1248 3100 1408 3191 Quantas
1432 3106 1514 3174 tulit
1532 3105 1681 3173 iniurias
1705 3105 1800 3176 filius
1823 3106 1905 3178 Dei:
1940 3123 1980 3179 ut
2001 3133 2077 3179 sese
2104 3112 2243 3197 abiecit,

1220 3190 1223 3273 l
1247 3228 1287 3272 ac
1305 3207 1485 3277 transtulit
1505 3207 1543 3274 in
1559 3230 1595 3275 se
1610 3219 1731 3276 nostra
1747 3210 1897 3297 probra,
1923 3214 2112 3302 pronubis
2132 3214 2241 3284 factus

1246 3298 1419 3400 ιωιτοὶροι.ρ
1474 3306 1726 3398 Reprimamus
1742 3311 1850 3399 igitur
1874 3337 1958 3399 nos,
1990 3328 2025 3383 et
2047 3340 2241 3408 compona-

1070 3398 1192 3481 &Apu
1246 3431 1324 3476 mus
1347 3409 1485 3478 animos
1507 3412 1558 3478 ad·
1574 3410 1691 3479 omnis
1715 3413 1854 3497 generis
1872 3415 2022 3485 iniurias
2039 3418 2243 3487 tolerandas

1066 3490 1195 3515 Μ

1247 3520 1282 3576 et
1317 3512 1570 3580 condonandas
1610 3512 1772 3601 publicae
1808 3517 2074 3610 tranquillitati.
2134 3518 2242 3589 Plura

1245 3609 1396 3680 scribam
1418 3637 1482 3703 per
1503 3614 1653 3682 alterum
1676 3615 1859 3688 nuncium.
1916 3617 2014 3688 Bene
2031 3619 2125 3693 vale.
2177 3617 2242 3690 Die

1243 3712 1417 3801 passionis
1431 3715 1496 3783 filii
1511 3714 1578 3784 Dei
1589 3708 1659 3808 **).

1752 3819 1943 3930 Philippus
1962 3835 2194 3916 Melanthon.

1815 4048 2242 4066 *—-—‘-·——-—-——0--

2123 4186 2176 4267 (¹1·
2192 4189 2231 4270 t)

2110 4278 2238 4306 Μ

1241 4167 1308 4238 Νο.
1324 4169 1434 4240 3172.

1249 4265 1420 4294 Μ

1575 4367 1635 4453 Α.
1671 4370 1901 4458 Osiondro.

197 4429 418 4519 stinguatur,
452 4444 487 4501 et
509 4445 550 4501 ut
579 4434 739 4502 doctores
770 4435 843 4504 sint
869 4442 1070 4512 concordes.
1132 4435 1190 4510 Ad
1237 4463 1251 4474 ·

196 4524 306 4601 huius
328 4527 525 4627 ἀρχιερέως
545 4534 658 4603 nostri
682 4536 920 4623 precationem
938 4541 1190 4630 dulcissimam,

197 4647 233 4704 et
253 4646 335 4703 vota
360 4648 500 4718 nostra,
533 4648 567 4705 et
591 4636 708 4706 studia
736 4650 771 4707 et
798 4640 913 4710 mores
938 4642 1189 4732 adiungamus:

231 4947 260 5017 4)
281 4956 362 5001 tanto
379 4966 454 5003 eone.
471 4956 576 5018 oecon]
595 4951 659 5009 Per.
678 4954 821 5008 eiusmodi
834 4955 926 5009 rebus.

232 5035 264 5104 ⁶)
281 5044 362 5103 regat
381 5043 408 5087 et
426 5031 488 5088 Pez.
507 5052 565 5087 non
586 5036 672 5091 babet.

231 5119 258 5187 6)
277 5116 469 5173 Praetermissa
489 5137 504 5170 a
523 5117 587 5172 Per.

231 5202 261 5271 7)
280 5202 436 5254 vieinorum
455 5200 557 5254 addunt
574 5202 656 5275 codd.

232 5287 260 5354 8)
279 5284 342 5339 Per.
360 5285 469 5351 Belgio.

188 5402 191 5407 ·
231 5372 261 5439 9)
277 5371 390 5438 pudice]
409 5369 453 5424 ed.
471 5369 558 5426 Lond.
576 5389 608 5424 ex
628 5372 743 5426 mendo:
758 5377 873 5438 pubb'ee.

233 5454 278 5524 10)
296 5463 323 5507 et
340 5469 432 5508 soror.
452 5453 514 5508 cod.
535 5452 617 5510 Goth.
634 5457 690 5511 191.
709 5475 766 5511 non
785 5456 874 5513 babet.

1308 4539 1395 4614 Epist.
1414 4541 1462 4595 lib.
1476 4539 1524 4598 Vl.
1544 4560 1573 4612 p.
1585 4542 1646 4594 424.
1664 4573 1701 4586 -
1736 4545 1848 4599 Contuli
1868 4546 2042 4618 apographon
2074 4555 2154 4627 quod
2176 4556 2238 4612 tte·

1344 4610 1457 4730 lanthpn
1477 4630 1628 4733 sufielpaanu
1649 4611 1714 4669 lecit
1731 4622 1758 4666 et
1775 4613 1924 4670 Theodoro
1943 4617 2026 4682 misit,
2039 4589 2070 4674 in
2090 4623 2156 4678 eod.
2172 4625 2237 4681 Μο-

1343 4698 1405 4735 nac.
1437 4700 1492 4750 ιρ.
1556 4718 1564 4735 .

1312 4826 1528 4902 Andreae
1554 4824 1816 4921 Osiondro,
1852 4805 2168 4936 (Norimbergoe)

1239 4943 1282 5034 S.
1307 4963 1352 5034 D.
1403 4963 1476 5035 Nec
1494 4967 1584 5036 vidit
1601 4959 1792 5036 Lethaeus
1808 4963 1990 5059 Epistulae
2011 4985 2097 5044 tuae
2120 5001 2236 5050 exem-

1238 5067 1339 5158 plum
1360 5067 1404 5135 ad
1427 5064 1547 5136 Eliam
1576 5068 1742 5161 scriptae,
1771 5094 1836 5139 nec
1860 5066 1963 5141 Eliae
1987 5073 2113 5148 literas
2142 5081 2236 5172 legit,

1271 5372 1301 5443 *)
1320 5374 1422 5446 Spanb.
1440 5378 1559 5444 pareto.

1152 5535 1155 5540 ·
1271 5458 1320 5530 **)
1338 5461 1399 5516 atta
1421 5480 1516 5516 manue
1536 5457 1694 5532 adscripsit:
1713 5476 1793 5515 anno
1812 5461 1888 5517 1545.
