4868 6420
116 335 166 412 25

117 510 206 590 mis,
232 521 292 577 aut
309 530 350 575 ex
369 509 572 577 castalione
596 509 783 586 decedere,
807 507 845 575 in
869 533 974 600 quam
995 506 1106 577 aDeo

117 608 281 678 collocati
302 631 459 677 sumus·
490 607 614 696 Quare
636 611 731 701 quod
752 608 837 677 sacis
861 632 966 699 perge
989 606 1108 701 aliqua

117 735 198 779 cum
214 733 275 801 spe
287 709 380 779 tueri
395 706 570 779 Ecclesiae
595 704 770 782 ethorum
795 710 942 780 comites
960 704 1108 781 Scholas

114 813 205 903 pias.
251 809 311 881 Sic
328 808 502 880 faciebant
518 807 682 881 Ieremias
696 809 820 880 eteius
835 810 958 892 amici,
984 813 1110 882 etiam·
1160 856 1164 861 -

117 914 148 980 si
170 924 301 981 norant
312 905 341 1005 ¹)
363 910 568 1004 impendere
591 912 691 984 urbis
714 912 889 982 excidium
911 925 946 982 et
958 912 1109 1004 dissipa-

116 1012 389 1102 tionemgentis.

217 1145 352 1236 Scripsi
369 1146 470 1214 vobis
490 1144 575 1215 alias
596 1146 640 1215 de
654 1139 850 1215 Ioaehimo
875 1136 1109 1242 Wissensei-

117 1246 226 1316 sensi.
283 1245 318 1317 ls
330 1245 519 1338 pollicetur
538 1269 574 1315 se
595 1244 786 1317 venturum
808 1271 899 1330 esse,
928 1247 959 1314 si
981 1268 1037 1314 res
1059 1258 1108 1314 cst

76 1348 79 1353 ’
117 1346 235 1417 adhuc
254 1350 400 1437 integra.
452 1346 592 1431 Mores,
621 1350 694 1417 vim
717 1344 910 1440 ingonii²),
936 1346 1109 1416 eruditio-

117 1474 219 1534 nem,
261 1450 412 1519 nitorem
442 1449 615 1518 orationis
642 1461 678 1519 et
697 1472 862 1518 versuum
884 1448 1107 1538 splendorem

117 1553 189 1621 scio
216 1575 280 1621 vos
310 1551 521 1642 probaturos
555 1573 647 1635 esse,
692 1564 837 1649 aetatem
872 1550 1106 1620 robustiorem

116 1677 190 1721 esse
204 1653 368 1743 optarim.
415 1649 579 1721 Alterum
596 1651 699 1722 illum
713 1648 981 1744 Hieronymum
991 1645 1109 1723 Wol-

110 1751 204 1844 fium
221 1753 383 1823 misimus
399 1749 635 1823 Molbusanis.
685 1751 783 1823 Bene
806 1753 895 1822 vale.
938 1750 1006 1821 Die
1023 1777 1109 1821 cou-

114 1855 287 1925 versionis
301 1852 481 1928 Paulinae.

496 2046 500 2057 ¹
574 1966 797 2066 †Philippus
815 1967 1059 2046 lllclanthou.”

958 2345 1016 2408 29.
1031 2334 1096 2398 Ian.

938 2427 1107 2455 Μ

115 2338 182 2408 No.
197 2334 310 2407 2630.
373 2372 377 2383 ·

119 2429 292 2463 ”fl

467 2500 518 2582 F.
549 2500 759 2607 Myconio.

184 2681 262 2736 Edita
277 2700 292 2736 a
306 2679 429 2752 Snegass.
446 2679 521 2751 epist.
533 2678 578 2733 36.

60 2812 65 2827 ¹
121 2839 216 2912 Viro
233 2839 389 2937 optimo,
415 2834 469 2910 D.
486 2831 997 2931 FriderieoMyeonio‚
1027 2825 1106 2903 Pa-

150 2941 245 3014 stori
256 2937 446 3012 Ecclesiae
464 2932 694 3024 Gotthanae,
719 2937 840 3009 amico
857 2962 925 3009 suo
938 2934 1066 3010 cariss.

111 3076 159 3165 S.
186 3094 252 3171 D...
283 3092 361 3164 Etsi
387 3116 626 3183 speraveram,
658 3084 860 3185 Georgium
891 3090 930 3158 in
951 3084 1017 3158 hac
1039 3111 1106 3156 no-

111 3210 183 3266 stra
204 3197 337 3267 vicinia
362 3218 569 3264 mansurum
593 3216 682 3262 esse:
719 3205 837 3263 tamen
852 3190 897 3263 D.
914 3183 1105 3260 Lutherus

112 3300 256 3383 maluit,
282 3320 362 3368 eum
377 3297 495 3365 redire
512 3297 557 3364 ad
570 3291 761 3363 Ecclesiam
780 3286 928 3388 N...*)‚
954 3316 1018 3362 nec
1037 3315 1106 3382 pu-

112 3413 163 3470 tat
190 3398 469 3492 permittendum
503 3420 576 3466 esse
598 3383 816 3476 Centauris,
853 3409 895 3465 ut
928 3393 1107 3464 excertiant

109 3500 292 3585 Pastorcs,
320 3499 467 3590 privatis
487 3497 681 3572 affectibus.
731 3494 856 3566 Laudo
877 3496 1042 3588 equidem
1059 3491 1105 3565 D.

108 3595 277 3675 Lutheri
301 3601 535 3671 voluntatem:
569 3601 631 3668 sed
652 3599 847 3689 optandum
873 3611 965 3683 erat,
996 3608 1038 3665 ut
1060 3595 1104 3663 ab

110 3707 191 3775 aula
213 3706 452 3776 adiuvaretur.
506 3699 579 3771 Nec
598 3701 744 3783 dubito,
775 3697 980 3790 Principem
1001 3696 1104 3780 velle,

107 3805 272 3877 Pastores
290 3800 528 3874 Ecclesiarum
550 3801 704 3876 defendi.
769 3799 842 3871 Sed
874 3800 961 3886 scis,
1000 3822 1104 3892 quam

108 3907 292 3978 dissimilis
314 3906 361 3975 sit
383 3903 543 3995 Principi
564 3904 668 3974 turba
693 3902 901 3975 aulicorum.
958 3898 1033 3969 Nos
1057 3899 1104 3970 ita

109 4032 233 4080 sumus
248 4007 369 4078 obruti
383 4005 586 4090 laboribus,
615 4018 655 4074 ut
669 4027 769 4094 saepe
786 4004 925 4092 defuga
939 4001 1103 4090 cogitem:

111 4136 150 4181 ac
180 4111 251 4180 nisi
280 4132 335 4178 me
355 4121 515 4177 senectus
536 4119 571 4176 et
594 4107 688 4176 vitae
711 4103 883 4194 longioris
906 4101 1102 4194 desperatio

109 4226 265 4295 teneret,
290 4210 441 4280 latebras
457 4208 593 4301 aliquas
608 4208 813 4299 ubicunque
835 4206 1103 4295 circumspecta·

110 4340 197 4387 rem.
258 4310 330 4382 Sed
361 4306 449 4379 haec
475 4310 571 4383 alias.
627 4303 810 4378 Danielis
841 4306 1102 4376 enarrationem

108 4417 176 4486 tibi
198 4414 292 4487 misi.
343 4411 535 4482 Pecuniam
558 4435 624 4503 pro
647 4412 753 4479 vidua
771 4401 961 4477 Mantelii
982 4429 1103 4497 exspe-

107 4534 178 4592 cto.
237 4514 398 4604 Quaeso,
440 4526 482 4583 ut
503 4514 548 4585 D.
575 4506 780 4582 Portunum
814 4512 1025 4592 admoneas,
1062 4519 1104 4583 ut

108 4645 186 4690 earn
202 4618 329 4688 mittat.
379 4613 476 4686 Bene
492 4615 581 4689 vale.
632 4613 695 4684 29.
708 4610 878 4684 Ianuarii.

617 4742 806 4839 Philippus
823 4737 1051 4816 Melanthon.

109 4923 317 4942 Μ

139 5045 167 5109 1)
184 5039 286 5113 Spanb.
299 5038 400 5093 edidit:
421 5039 539 5093 scirem.

140 5127 170 5196 2)
188 5125 290 5197 Spanb.
303 5122 451 5177 mendose:
470 5123 576 5190 vitam,
594 5122 754 5188 ingenium.
801 5165 804 5169 .

142 5212 177 5283 ἢ
195 5210 233 5264 Ea
251 5209 285 5262 de
304 5225 335 5261 re
353 5205 462 5261 videtur'
477 5224 558 5279 agere
577 5206 656 5278 epist.
667 5203 778 5260 botheri
789 5203 817 5260 d.
834 5202 878 5260 27.
890 5202 947 5260 len.
963 5202 991 5258 b.
1003 5220 1028 5260 r.
1046 5201 1098 5273 (de

176 5278 274 5335 Wssli·
285 5275 321 5331 v·
337 5294 366 5346 p·
378 5274 456 5340 ⁵⁸4⁸)

575 406 581 415 .
692 276 1156 411 nersrorannu
1190 339 1298 417 nm.
1332 338 1395 417 tx.
1450 336 1582 412 raes.

2104 337 2154 407 26

2012 456 2150 582 stim.

2011 604 2151 631 Μ

1156 478 1349 583 Noeosi.

1162 605 1334 637 Nm

1325 689 1549 820 *Buoetus
1578 690 1641 774 ad
1671 688 1943 802 Gropperum.

1228 863 1306 919 Edita
1319 864 1436 920 in‘Gilb.
1452 865 1565 919 Burneti
1584 864 1697 919 bistoria
1715 863 1859 921 reformet.
1879 864 2008 921 eeclesiae
2027 866 2149 932 anglico·

1261 951 1312 985 nae
1327 934 1358 987 Ρ.
1370 934 1405 988 ΙΙ.
1423 936 1544 988 Docum.
1558 953 1605 987 no.
1619 934 1695 987 xlx.
1713 934 1796 1004 pre.
1820 966 1856 980 -
1891 935 1983 1002 Quam
2003 932 2069 985 baec
2087 933 2145 1001 epi-

1258 1002 1324 1054 stola
1340 1003 1472 1073 pertineat
1484 1002 1519 1056 od
1536 1001 1677 1056 historiam
1694 1012 1820 1055 aetorum
1839 1001 1976 1057 aBuoeco
1998 1009 2026 1055 et
2041 999 2148 1055 Melan·

1261 1069 1342 1123 thone
1355 1068 1502 1139 Coloniae,
1522 1071 1642 1126 cambio
1655 1069 1771 1125 dandam
1785 1088 1843 1126 esse
1855 1069 2024 1128 censuimus.

1159 1165 1167 1177 ἱ

1158 1216 1401 1295 Martinus
1423 1222 1631 1296 Bucerus
1658 1222 1713 1296 ad
1735 1222 1838 1298 Iole.
1856 1222 2150 1326 Gropperurn.
2257 1252 2269 1273 ·

1158 1355 1273 1468 Quod
1298 1394 1368 1448 tam
1391 1404 1469 1449 sero
1495 1380 1690 1475 respondeo
1717 1382 1762 1448 ad
1777 1392 1855 1450 tuas
1870 1379 2010 1459 literas,
2035 1366 2162 1470 quan'ss

1157 1503 1261 1568 quam
1286 1481 1390 1549 etiam
1411 1481 1658 1571 occupationes
1680 1480 1875 1551 Ministerii
1900 1481 1987 1574 mei,
2031 1492 2151 1549 tamen

1158 1580 1195 1650 id
1220 1581 1329 1672 magis
1358 1583 1397 1650 iu
1422 1606 1524 1651 causa
1546 1583 1632 1664 suit,
1673 1584 1769 1674 qnod
1793 1607 1868 1657 non
1891 1580 1975 1653 satis
1995 1579 2151 1673 liquerit,

1158 1685 1336 1775 quomodo
1352 1686 1564 1773 respondere
1581 1684 1787 1754 conveniret
1805 1684 1913 1753 simul
1933 1704 2031 1750 meae
2052 1682 2091 1749 in
2116 1693 2151 1749 te
2189 1706 2195 1725 =

1158 1774 1340 1866 charitati,
1372 1808 1521 1876 meoque
1543 1782 1767 1870 Ministerio,
1801 1798 1836 1854 et
1861 1783 2036 1877 praesenti
2059 1796 2150 1852 tem-

1157 1888 1254 1976 poris
1275 1886 1484 1954 conditioni.
1534 1885 1605 1955 Sed
1627 1901 1746 1956 tamen
1768 1886 1852 1979 quia
1876 1880 2037 1954 charitati
2052 1882 2150 1953 Deus

1158 1988 1259 2056 facile
1276 1988 1395 2055 omnia
1412 1988 1600 2072 secundat,
1624 2004 1658 2059 et
1682 1988 1850 2077 frugifera
1872 1986 1972 2070 facit,
1998 1981 2064 2055 hac
2091 1985 2149 2052 iu·

1158 2075 1282 2158 cithtns
1298 2113 1394 2156 nunc
1410 2091 1606 2178 respondeo
1620 2114 1661 2156 ex
1676 2088 1750 2158 eius
1767 2087 1971 2158 dictatione.

1257 2217 1305 2290 Et
1327 2222 1483 2310 primum
1504 2223 1549 2288 de
1571 2246 1629 2307 eo,
1659 2222 1755 2314 quod
1780 2235 1813 2290 te
1836 2221 1880 2289 de
1900 2243 1980 2287 meo
1996 2219 2152 2288 adventu

1157 2333 1190 2390 et
1208 2319 1411 2392 Ministerio
1436 2345 1511 2390 non
1534 2323 1830 2412 praemonuerim.
1884 2318 1992 2408 Quod
2011 2343 2074 2411 per
2094 2333 2153 2410 ω·Ι
2250 2410 2252 2415 ¹

1156 2437 1227 2492 tam
1247 2421 1476 2493 Germaniam
1493 2425 1733 2507 increbuerat,
1760 2423 1865 2492 etiam
1882 2437 2070 2514 antequam
2088 2444 2150 2507 ego

1157 2540 1270 2596 certus
1294 2529 1337 2593 de
1361 2526 1545 2595 vocatione
1569 2525 1635 2593 ista
1657 2548 1784 2608 essem,
1810 2549 1884 2592 non
1906 2522 2028 2614 putavi
2051 2537 2084 2592 te
2098 2524 2152 2590 la-

1116 2689 1125 2696 .
1156 2640 1229 2696 tere
1251 2650 1363 2715 posse.
1427 2624 1515 2694 Mox
1537 2626 1643 2695 etiam
1665 2640 1705 2695 nt
1731 2624 1918 2694 adveniet
1944 2625 2151 2716 priusquam

1156 2726 1292 2819 aliquid
1322 2725 1519 2795 Ministerii
1551 2727 1750 2809 inivissem‚
1795 2739 1896 2795 tuum
1931 2725 2149 2818 colloquium

1155 2827 1293 2920 expetii.
1343 2824 1447 2896 Certe
1471 2820 1565 2894 nihil
1586 2829 1806 2910 maluissem,
1839 2849 1945 2919 quam
1968 2851 1988 2896 a
2009 2841 2043 2896 te
2069 2841 2149 2894 arete
2263 2884 2266 2890 .
2369 2852 2375 2857 ·

1154 2929 1275 2998 omnia
1292 2928 1412 2998 doceri
1428 2940 1463 2999 et
1474 2919 1625 3003 institui.
1675 2927 1785 3000 Novit
1799 2922 1962 2999 Christus
1977 2927 2065 3023 quid
2082 2927 2149 2995 tihi

1155 3029 1320 3104 tribuam.

1256 3162 1365 3251 Quod
1380 3163 1505 3233 scribis
1521 3177 1556 3233 te
1571 3188 1698 3254 cupere
1712 3188 1826 3233 meam
1843 3163 2084 3233 conditionem
2100 3161 2149 3229 sic

1154 3288 1245 3348 esse,
1269 3278 1312 3334 ut
1327 3265 1421 3333 clero
1436 3278 1469 3335 et
1491 3267 1624 3357 populo
1646 3255 1779 3334 vestrae
1794 3264 1965 3337 Coloniae
1979 3264 2150 3355 Agrippi·

1154 3390 1220 3434 nae
1237 3379 1357 3455 gratus
1373 3389 1446 3435 esse
1462 3379 1497 3435 et
1511 3367 1648 3458 placere
1668 3391 1826 3459 possem,
1850 3390 1965 3450 nunc,
1991 3391 2072 3435 cum
2094 3388 2149 3433 se·

1154 3490 1215 3536 cus
1232 3490 1268 3535 se
1283 3490 1340 3535 res
1353 3463 1526 3552 habeant,
1551 3492 1625 3537 non
1644 3491 1735 3552 esse,
1761 3470 1858 3561 quod
1883 3469 1950 3538 tibi
1975 3467 2061 3560 quid
2079 3469 2147 3535 im-

1153 3582 1287 3658 putem.
1337 3566 1442 3650 Tibi,
1469 3569 1600 3661 optime
1616 3562 1820 3666 Groppere,
1845 3560 1941 3639 nihil
1954 3566 2062 3647 buius
2077 3570 2148 3639 im-

1153 3684 1259 3763 puto,
1292 3670 1432 3739 confido
1455 3682 1507 3755 te,
1537 3694 1614 3755 me,
1647 3695 1718 3763 quo
1744 3671 1818 3762 ipse
1840 3671 1919 3742 loeo
1943 3666 2072 3758 babes,
2105 3679 2161 3737 eo'

1153 3772 1258 3843 etiam
1275 3773 1416 3840 studere
1433 3773 1528 3863 apud
1541 3771 1629 3841 alios
1646 3773 1831 3846 collocare.

1257 3902 1327 3975 Sed
1350 3905 1542 3992 cogitemus
1562 3904 1679 3986 iuxta,
1704 3906 1761 3974 cui
1778 3928 1841 3995 ego
1857 3905 1951 3976 clero
1966 3905 2064 3990 istic,
2088 3905 2147 3975 cui
2218 3918 2225 3927 “

1152 4006 1285 4098 populo
1303 4019 1339 4075 et
1356 4030 1419 4076 eur
1436 4020 1555 4095 gratus
1569 4007 1688 4075 minus
1708 4007 1794 4090 sim,
1825 4021 1861 4076 et
1882 4031 1958 4076 non
1980 4007 2147 4098 placeam.

1152 4106 1277 4177 Clerns
1298 4121 1333 4197 et
1358 4108 1512 4199 populus
1525 4102 1660 4178 Christi
1681 4132 1761 4177 cum
1776 4106 1934 4178 Domino
1956 4131 2049 4192 suo„
2065 4131 2146 4198 pen

1151 4231 1275 4276 sonam
1302 4208 1438 4278 nullam
1465 4209 1504 4276 in
1532 4209 1782 4278 invocantibus
1801 4206 2002 4295 Christum,
2038 4207 2145 4277 iniis

1151 4308 1376 4401 praesertim,
1402 4333 1491 4402 quos
1512 4309 1630 4401 aliqua
1654 4309 1837 4399 religionis
1859 4324 1999 4381 nostrae
2018 4310 2144 4402 opinio

1153 4411 1391 4492 commendat,
1429 4421 1626 4479 aversatur:
1668 4411 1829 4504 quamvis
1859 4407 2071 4503 deprehensi
2106 4410 2145 4479 in
2185 4406 2191 4426 ⁸

1152 4501 1365 4582 contumelia
1386 4504 1543 4594 Christi,
1578 4504 1840 4581 in'desertione
1863 4513 1964 4582 verbi
1987 4514 2078 4596 eius,
2104 4512 2144 4581 in

1151 4610 1317 4682 seandalo
1348 4611 1487 4682 obiecto
1511 4609 1690 4683 Ecclesiae
1712 4616 1804 4698 eius;
1847 4615 1903 4685 lex
1926 4628 2046 4684 nostra
2068 4638 2143 4682 non

1153 4712 1287 4784 iudicat
1307 4739 1527 4807 quenquam,
1559 4716 1630 4784 nisi
1651 4716 1805 4786 audierit
1826 4717 1926 4809 prius
1946 4717 1992 4785 ab
2012 4740 2074 4795 eo,
2109 4730 2144 4786 et

1152 4816 1355 4906 cognoverit
1388 4816 1475 4908 quid
1509 4816 1643 4901 fecerit.
1703 4812 1883 4904 Audiant,
1919 4832 2144 4908 cognoscant,

1150 4929 1225 4986 tum
1247 4917 1420 4987 iudicent:
1453 4916 1482 4984 si
1507 4917 1631 4987 audire
1656 4932 1691 4987 et
1706 4939 1915 5007 cognoscere
1931 4921 2061 4990 nolunt
2077 4944 2143 4990 nec

1106 5107 1108 5110 Α
1150 5018 1305 5087 iudicare
1321 5018 1398 5088 iure
1413 5032 1572 5110 possunt.
1611 5017 1769 5108 Vulgata
1780 5034 1831 5091 est
1848 5016 1933 5090 haec
1948 5022 2143 5113 responsio,

1149 5121 1209 5188 sed
1234 5121 1329 5191 nosti
1351 5120 1456 5190 etiam
1480 5121 1558 5190 iure
1580 5119 1725 5208 divino,
1759 5136 1926 5209 naturae,
1958 5136 1991 5193 et
2008 5125 2140 5215 scripto
2159 5150 2161 5157 ⁴

1148 5220 1193 5291 ab
1205 5217 1411 5291 hominibus
1425 5220 1504 5296 niti.

1247 5353 1318 5425 Sed
1333 5379 1354 5423 ο
1371 5354 1523 5440 clerum,
1548 5380 1570 5424 o
1586 5369 1717 5427 sortem
1729 5354 1898 5439 Domini,
1922 5370 1958 5428 et
1971 5354 2140 5430 habentes

1147 5450 1329 5528 Christum
1346 5469 1477 5525 sortem
1501 5481 1611 5529 snam.
1661 5455 1805 5530 Gratias
1828 5482 1893 5549 ago
1906 5455 2051 5532 Christo
2064 5459 2140 5533 Do-
