4868 6420
194 327 269 402 su
756 254 1210 394 'srlsrocanuu
1269 316 1378 398 cru
1411 317 1476 400 tn
1511 304 1662 397 ‘aare
1990 313 1991 316 ‘
2160 320 2240 400 oss

297 482 367 562 Ηῖὒ
392 492 561 564 micul&
584 486 653 561 Dei
677 485 847 557 beneficio
869 484 909 553 5¹1
931 481 1099 556 Eccletiis
1122 509 1190 556 no-
1244 503 1280 562 et
1293 488 1650 584 corrupte'tradatur,
1674 494 1777 564 valde
1792 495 1947 587 postulat
1960 488 2239 565 Ecclesiaeuu's·
2281 487 2283 507 ¹

200 596 281 666 stris
294 593 433 686 copiose
450 593 646 663 declaratus
661 603 724 663 est.
774 585 847 658 Nec
861 611 945 658 vero
963 589 1112 659 dubium
1128 600 1191 672 est,
1244 615 1363 664 versae
1383 595 1589 680 necessitas,
1611 609 1654 666 ut
1675 621 1758 666 vera
1773 596 1933 668 doctrina
1955 596 2175 666 concorditer
2196 609 2236 669 et

200 710 363 789 oportere
388 697 428 765 in
447 692 606 765 Ecclesia
634 691 800 761 universa
826 702 944 785 extare
973 702 1007 759 et
1035 688 1192 782 proponi
1244 695 1288 764 de
1308 689 1378 764 boc
1399 695 1478 766 loco
1502 697 1680 783 tradatur,
1709 697 1874 767 videlicet
1898 721 1987 790 quae
2010 720 2117 789 opera
2137 691 2236 768 Deus

135 852 143 870 .
200 795 297 868 hunc
313 797 522 881 articulum,
546 793 637 864 sicut
651 793 747 884 apud
769 813 834 859 nos
851 784 890 886 ¹¹)
914 793 1059 862 docetur
1075 805 1109 863 et
1128 792 1192 860 de·
1243 796 1417 887 postulet,
1443 800 1623 889 quomodo
1639 812 1760 868 nostra
1776 799 1977 870 obedientia
1998 798 2135 891 placeat
2148 794 2239 885 Deo,

202 901 366 973 claratur.
416 896 508 968 Nam
524 891 612 965 haec
628 917 699 965 una
717 905 768 962 est
786 893 830 962 de
845 891 1054 963 remissione
1070 916 1192 986 pccca-
1244 921 1325 966 cum
1344 899 1519 967 tamenin
1538 894 1693 970 haesit,
1710 900 1748 969 in
1767 913 1865 970 tan„
1884 914 2004 972 nom,
2028 899 2238 971 infirmita„

201 1016 319 1073 torum
343 1013 376 1070 et
403 996 706 1080 reconciliatione,
736 1017 839 1073 vera,
871 1004 1031 1080 aeterna,
1064 1009 1099 1065 et
1123 994 1193 1061 im·
1245 993 1362 1069 adhuc
1390 1013 1558 1070 maneant
1583 1016 1723 1093 peccata
1752 1003 1791 1071 in
1814 1001 1982 1072 omnibus
2009 996 2237 1074 hominihus,

203 1115 299 1172 mota
322 1099 391 1172 Dei
414 1099 607 1183 sententia,
637 1108 677 1166 ut
700 1091 780 1172 Act.
801 1094 859 1168 10.
876 1095 1059 1165 scribitur:
1092 1090 1192 1165 Huic
1245 1097 1334 1170 ltem
1353 1100 1397 1169 de
1412 1101 1618 1172 discrimine
1635 1117 1869 1194 peccatorum.

204 1225 325 1275 omnes
340 1195 543 1299 Prophetae
558 1193 804 1270 testimonium
825 1188 1037 1292 perhibent,
1064 1193 1191 1267 remis·
1343 1197 1469 1272 Dahis
1485 1203 1592 1275 tansi,
1612 1206 1717 1275 rehu,
1731 1218 1825 1275 recle
1838 1218 1874 1276 et
1887 1202 2038 1275 fidem„
2059 1203 2236 1278 illusum

202 1304 341 1376 sionem
379 1312 606 1401 peccatorum
640 1296 798 1394 accipere
836 1318 902 1393 per
933 1320 1063 1368 nornen
1097 1296 1192 1380 eius,
1245 1314 1297 1372 est
1322 1302 1485 1374 doctrina
1513 1304 1551 1372 in
1573 1303 1744 1377 Ecclesiis
1774 1308 1924 1391 nostris,
1956 1329 2063 1400 quam
2089 1307 2235 1400 quidem

205 1430 326 1479 ‘’mms
341 1402 410 1504 ‘1¹¹¹'
423 1399 571 1475 ‘sedum
588 1400 628 1471 in
645 1422 736 1472 e‘lm-
1244 1427 1320 1472 non
1347 1405 1547 1476 iudicamus
1568 1402 1794 1480 scholasticas
1828 1409 1981 1498 argutias
1995 1403 2038 1502 ¹²)
2067 1430 2163 1492 esse,
2200 1419 2236 1481 et

303 1505 358 1579 Ac
374 1508 445 1578 nisi
465 1501 573 1579 buius
588 1501 730 1574 articuli
745 1498 908 1570 doctrina
924 1512 1083 1570 servetur
1103 1522 1192 1590 pura
1245 1505 1374 1576 otiosas
1391 1507 1632 1579 cavillationes
1646 1511 1857 1595 verborum,
1880 1525 1923 1582 ut
1945 1509 2049 1580 multi
2072 1503 2236 1581 homiues

203 1626 239 1682 et
257 1610 411 1695 sincera,
444 1609 565 1699 magni
586 1618 620 1676 et
641 1598 791 1673 Etbnici
820 1624 959 1672 errores
986 1614 1194 1694 sequuntur.
1245 1607 1386 1698 profani
1402 1608 1611 1701 loquuntur.
1649 1609 1770 1700 Quare
1785 1636 1851 1681 nos
1868 1625 2003 1682 mutare
2017 1634 2094 1681 non
2109 1629 2236 1703 possu-

203 1711 322 1786 Corda
349 1707 539 1782 bominum
560 1719 707 1776 manent
728 1705 768 1772 in
795 1703 935 1773 assidua
960 1703 1195 1787 dubitatione,
1245 1730 1335 1782 mus.
1386 1707 1426 1781 Si
1443 1711 1523 1803 quis
1538 1724 1654 1782 autern
1671 1725 1771 1803 putat
1785 1736 1858 1783 esse
1874 1707 1978 1783 ludos
1993 1707 2236 1799 scholasticos,

72 1816 77 1825 '
204 1815 304 1882 velut
325 1814 420 1906 apud
442 1807 634 1891 Ethnicos,
665 1815 730 1876 uec
754 1804 893 1873 firmam
915 1804 1192 1874 consolationem
1246 1833 1285 1880 ae
1299 1832 1382 1878 vera
1399 1812 1548 1898 mutari,
1574 1825 1609 1882 et
1627 1814 1716 1884 falsa
1738 1827 1863 1885 ornata
1886 1816 1976 1885 fucis
1996 1813 2106 1905 recipi
2122 1835 2236 1906 pom,

205 1912 358 2001 babent,
389 1915 451 1983 sed
475 1913 618 2002 fugiunt
639 1906 777 1991 Deum,
799 1928 866 1974 uec
896 1919 988 1976 recte
1015 1906 1193 1978 invocant.
1245 1905 1305 1979 hic
1324 1910 1426 1996 sciat,
1452 1913 1589 1983 etiamsi
1609 1938 1706 1985 nunc
1730 1938 1873 1993 securus
1897 1940 1973 1986 non
1995 1916 2124 1987 metuit
2140 1912 2236 1986 iudi-

203 2015 330 2088 Postea
352 2013 476 2085 mirari
494 2011 719 2103 disciplinam
739 2020 776 2077 et
794 2030 893 2078 suam
915 2006 1086 2077 iustitiam
1102 2006 1194 2076 inci-
1246 2011 1340 2081 cium
1354 2009 1434 2098 Dei,
1458 2029 1576 2087 tamen
1591 2018 1733 2086 tandem
1747 2041 1878 2108 poenas
1891 2019 2136 2091 testifimturas
2151 2037 2236 2105 esse,

205 2119 334 2211 piunt,
354 2111 484 2198 thane
498 2105 739 2206 amplificant''
756 2121 793 2178 et
806 2108 945 2198 fingunt
965 2131 1043 2177 eam
1058 2109 1194 2200 placare
1244 2109 1480 2202 Evangelium
1499 2138 1573 2186 esse
1589 2117 1803 2191 fabulosum.
1997 2131 1999 2134 ’

206 2221 298 2291 iram
312 2217 397 2304 Dei,
422 2230 457 2287 et
471 2214 601 2286 mereri
620 2210 865 2283 remissionem
881 2223 1121 2301 peccatorum:
1146 2204 1196 2278 Et
1345 2210 1474 2285 Erebis
1491 2218 1650 2288 articulis
1665 2220 1727 2288 alii
1743 2232 1958 2313 sequuntur,
1982 2219 2045 2314 qui
2060 2222 2105 2291 de
2118 2217 2237 2312 legiti-

207 2322 291 2415 quia
308 2334 425 2389 tamen
439 2330 584 2388 manent
604 2316 643 2383 in
660 2312 896 2393 dubitatione,
919 2312 1102 2385 cumulant
1115 2333 1195 2378 mo-
1245 2339 1306 2386 rno
1321 2328 1355 2387 et
1373 2317 1519 2390 salutari
1538 2342 1607 2390 usu
1621 2319 1933 2395 sacramentorum
1948 2323 2161 2418 loquuntur.

86 2434 95 2447 “
206 2425 272 2493 dos
303 2420 529 2511 disciplinae,
562 2414 760 2506 excogitant
788 2425 871 2482 vota
899 2407 1130 2482 monachatus
1160 2425 1195 2481 et

116 2544 124 2557 ·
207 2523 340 2594 multos
367 2522 468 2595 ritus.
530 2515 599 2586 His
621 2514 858 2608 opinionibus
873 2526 909 2583 et
928 2509 995 2583 hac
1016 2507 1194 2606 hypocrisi
1591 2477 1653 2552 D‘
1674 2478 1886 2583 Raptim·

206 2624 318 2716 magis
333 2622 513 2716 magisque
534 2620 743 2690 obscuratur
764 2615 927 2686 doctrina
949 2616 994 2684 de
1015 2614 1195 2684 beneficiis
1346 2610 1559 2686 Constanter
1581 2631 1617 2688 et
1638 2641 1757 2689 severe
1779 2619 1987 2691 retinendus
2011 2616 2090 2704 'set
2111 2623 2234 2694 defeu-

206 2722 360 2811 Christi,
385 2738 420 2795 et
442 2726 486 2794 de
507 2722 575 2792 tide
593 2731 766 2791 statuente
791 2717 898 2807 gratis
921 2716 1048 2786 donari
1070 2716 1195 2785 remis-
1246 2714 1408 2784 dendus''
1435 2731 1486 2788 est
1515 2718 1712 2809 baptismus
1733 2721 1927 2809 infantum,
1956 2736 1992 2795 et
2012 2725 2057 2795 ad
2077 2726 2234 2796 excitan-

206 2829 342 2898 siouem
362 2838 605 2918 peccatorum,
628 2833 662 2892 et
677 2821 716 2891 iu
735 2819 902 2889 cordibus
919 2812 1108 2888 inchoante
1131 2842 1208 2909 pas
1247 2816 1330 2884 darn
1352 2817 1390 2885 in
1411 2818 1658 2892 circumstante
1682 2836 1784 2893 coetu
1800 2823 2060 2897 invocationem
2075 2823 2235 2914 Domini,

207 2953 284 3000 cem
306 2945 340 2999 et
360 2928 471 2997 vitam
496 2938 694 3008 aeternam,
725 2923 771 2999 de,
789 2943 859 3014 qua
884 2919 1029 2990 dicitur:
1063 2916 1195 2988 Iustus
1247 2916 1334 2986 utile
1354 2930 1442 2988 esset
1460 2920 1500 2987 in
1522 2921 1671 3010 singulis
1693 2922 1800 3009 locis,
1824 2925 1944 3016 lingua
1967 2928 2149 2999 intellecta
2169 2952 2234 3022 po-

197 3025 279 3123 fide
291 3053 361 3100 sua
378 3026 478 3097 viaet,
1246 3019 1331 3110 pulo
1346 3021 1577 3110 pronunciari
1593 3046 1723 3114 preces,
1748 3025 1831 3094 fidei
1845 3028 2097 3117 professionem
2113 3024 2172 3122 ¹¹),
2197 3042 2233 3101 et

308 3129 473 3223 Denique
494 3123 554 3197 hic
577 3127 763 3211 articulus,
790 3135 833 3192 ut
855 3123 896 3190 in
918 3122 1049 3193 nostris
1071 3119 1194 3192 Eccle-
1246 3120 1352 3188 verba
1368 3121 1553 3211 baptismi,
1578 3149 1642 3194 nec
1658 3150 1748 3217 opus
1764 3140 1816 3197 est
1833 3142 1893 3199 aut
1911 3131 2051 3221 pluresg
2075 3144 2140 3203 aut
2154 3132 2234 3202 lon·

209 3235 271 3302 siis
306 3234 452 3301 docetur
485 3242 520 3299 et
550 3228 780 3317 intelligitur,
823 3236 874 3292 est
905 3225 1092 3323 praecipua
1126 3249 1194 3292 vox
1246 3220 1361 3311 giores
1375 3226 1591 3294 ceremonias
1607 3227 1711 3313 addi,
1736 3251 1843 3321 quam
1859 3254 1955 3303 nunc
1968 3232 2201 3306 iuuencum.

208 3332 413 3421 Evangelii,
436 3355 541 3424 quarn
563 3342 698 3400 mutare
721 3348 796 3397 non
822 3326 904 3393 licet
923 3324 991 3392 ulli
1016 3338 1193 3395 creaturae
1611 3373 1648 3457 C
1829 3386 1837 3405 ,

159 3426 162 3429 ’
208 3437 248 3504 in
263 3434 360 3506 coelo
378 3447 439 3505 aut
455 3434 494 3500 in
509 3445 613 3504 terra.
663 3428 734 3501 Sed
750 3439 801 3497 est
814 3424 882 3495 Dei
901 3439 1100 3509 aeternum,
1126 3428 1194 3495 im-
1646 3380 1868 3480 ‘'nfirma'w·

209 3550 365 3620 motum,
392 3548 425 3604 et
455 3532 677 3603 immutabile
704 3531 904 3612 decretum,
938 3527 1001 3619 qui
1023 3527 1193 3598 immensa
1347 3516 1461 3587 Valde
1477 3540 1621 3587 necesse
1637 3536 1688 3590 est
1709 3519 1749 3590 in
1766 3521 1934 3594 omnibus
1949 3518 2121 3597 Ecclesiis
2142 3524 2234 3598 tradi

208 3637 450 3707 misericordia
472 3659 535 3725 per
556 3635 668 3704 filium
690 3626 758 3701 hoc
780 3631 888 3698 modo
905 3643 1085 3719 peccatum
1107 3633 1194 3700 abo·
1246 3619 1350 3689 cerlis
1365 3621 1491 3688 diebus
1505 3614 1784 3709 catechismum,
1810 3639 1851 3695 ut
1865 3626 1969 3718 pueri
1985 3629 2172 3698 assuefiant
2187 3629 2234 3704 ad

208 3742 282 3808 lere
314 3738 412 3818 vult,
445 3750 479 3808 et
506 3736 609 3804 nobis
641 3734 824 3804 restituere
855 3730 964 3800 vitam
996 3744 1194 3816 aeternam,
1246 3744 1369 3790 verum
1396 3735 1429 3790 el
1453 3720 1612 3790 milvum
1638 3721 1855 3796 intellectum
1874 3728 2038 3801 omnium
2060 3731 2233 3801 articulo·

209 3839 390 3931 agnitione
407 3851 442 3907 et
455 3838 524 3906 lide
543 3834 667 3917 †filii'’
683 3829 793 3905 huius
807 3831 1024 3901 mediatoris.
1245 3845 1325 3893 rum
1349 3834 1384 3891 et
1405 3820 1560 3913 partium
1581 3824 1761 3894 doctrinae
1774 3823 2013 3907 Christianae,
2060 3829 2121 3902 Ad
2142 3826 2233 3907 banc

310 3937 449 4010 Deinde
470 3936 629 4031 sequitur
645 3935 809 4006 doctrina
829 3933 993 4002 debonis
1016 3933 1193 4024 operibus.
1245 3923 1537 3996 consuetudinem
1557 3925 1781 3997 sanciendam
1797 3931 1977 4019 prodesset
1992 3932 2080 4002 ritus
2102 3933 2234 4004 confis-

210 4042 318 4133 Quod
346 4065 427 4113 cum
458 4040 527 4108 fide
552 4039 592 4108 in
617 4032 801 4109 Christum
832 4034 1002 4126 accipitur
1034 4034 1192 4104 remissio
1244 4024 1420 4109 metionis,
1437 4047 1518 4095 cum
1531 4023 1694 4097 videlicet
1710 4043 1828 4100 exacta
1841 4032 1993 4122 pueritia
2009 4032 2080 4103 iam
2095 4034 2232 4111 firmior

208 4157 452 4237 peccatomm,
474 4141 581 4210 simul
603 4137 712 4210 mittit
726 4135 823 4209 Deus
838 4135 1013 4229 Spiritum
1033 4147 1193 4205 sanctum
1244 4138 1339 4195 aetas
1359 4148 1422 4195 ⁸011
1442 4126 1676 4199 ²d⁰lt³⁸ce¹¹fi³
1697 4132 1894 4218 accederet,
1915 4133 2031 4225 palam
2054 4134 2095 4205 iu
2110 4131 2235 4208 Eccle-

209 4247 249 4316 in
263 4246 369 4316 corda
386 4242 624 4327 credentium,
649 4231 685 4310 el
698 4238 857 4309 accendit
871 4238 910 4307 in
924 4237 973 4307 eis
990 4260 1121 4306 novam
1136 4237 1193 4307 lu·
1244 4226 1296 4295 ⁸5³
1317 4226 1491 4319 audienda
1517 4241 1605 4298 esset
1625 4229 1760 4320 integra
1780 4234 1961 4305 doctrinae
1978 4236 2174 4326 confessio,
2197 4251 2234 4312 et

210 4371 306 4432 cem,
337 4358 372 4416 et
390 4335 518 4428 vitam,
549 4343 713 4412 timorem
733 4337 819 4426 Dei,
848 4339 1096 4423 dilectionem,
1127 4339 1193 4408 bo.
1245 4351 1327 4398 cum
1347 4328 1582 4425 interrogatus
1604 4332 1824 4420 promitteret
1844 4338 2077 4409 constantiam
2103 4339 2142 4408 in
2165 4333 2232 4411 bae

208 4473 297 4519 num
310 4445 549 4539 propositum,
568 4444 665 4514 iuxta
681 4441 803 4514 omnia
815 4452 1000 4534 praecepta
1015 4438 1095 4514 Dei.
1144 4436 1194 4510 Et
1244 4428 1321 4519 ipsa
1342 4431 1516 4500 sententia
1542 4432 1685 4502 recitata
1709 4446 1744 4503 et
1766 4434 1806 4505 in
1832 4431 1940 4508 huius
1960 4439 2127 4511 ecclesiae
2147 4464 2231 4513 suas

210 4574 328 4624 severe
350 4548 496 4616 mandat
517 4544 633 4628 Deus,
659 4557 700 4614 ut
720 4544 759 4612 in
782 4543 887 4613 bonis
905 4541 1072 4633 operibus
1092 4541 1192 4611 viva·
1244 4531 1476 4616 confessione,
1497 4555 1622 4602 manus
1635 4530 1789 4605 Pastoris
1804 4536 1837 4606 ei
1850 4538 2088 4630 imponendae
2104 4555 2231 4625 essent,

207 4676 308 4737 mus,
332 4662 367 4719 et
378 4649 508 4728 bonam
525 4645 773 4717 conscientiam
791 4639 1002 4726 babeamus,
1025 4667 1064 4712 ac
1080 4643 1191 4712 dona·
1244 4645 1282 4702 et
1301 4632 1441 4723 publica
1464 4635 1665 4723 precatione
1683 4638 1833 4728 petenda
1849 4629 1977 4710 m'entis
1998 4655 2033 4712 et
2054 4645 2174 4735 cordis
2188 4644 2229 4717 in

208 4768 282 4824 tam
312 4749 635 4821 reconciliationem
661 4760 695 4817 et
725 4746 873 4836 gratiam
900 4743 1132 4830 retineamus,
1159 4756 1193 4822 et
1245 4727 1516 4805 h000011filellle
1533 4736 2098 4841 confirmatioetgubernatio¹⁸).
2133 4742 2230 4818 Hace

207 4879 283 4926 non
298 4852 531 4924 effundamus.

305 4951 467 5046 Cumque
488 4974 570 5020 vera
593 4948 755 5019 doctrina
776 4944 944 5017 debonis
964 4945 1129 5039 operibus
1152 4946 1191 5016 in
1434 5017 1439 5032 ,
1613 5020 1621 5036 ,
1719 5024 1727 5041 ⁶
1831 4988 1832 4997 ι

209 5071 285 5128 ιοιο
299 5055 385 5125 orbe
401 5067 575 5123 terrarum
589 5045 812 5119 horribiliter
825 5049 1063 5119 contaminata
1079 5063 1113 5120 et
1129 5049 1191 5117 de·
1276 5016 1326 5167 {g}
1339 5017 1884 5170 ζζξίᾝὶὲἑῖἓζρῒῖἴῷἢ.

206 5155 350 5251 pravam
366 5156 430 5277 Sil,
454 5165 489 5223 el
501 5148 615 5223 adhuc
633 5152 672 5219 in
689 5150 810 5222 mul&
827 5148 1031 5240 regionum
1053 5148 1190 5242 impure
1276 5182 1322 5253 14)
1339 5200 1403 5236 cum
1415 5184 1540 5237 vt'tdelt‘eet
1553 5195 1658 5238 exacta
1668 5196 1734 5256 eto]
1752 5191 1806 5246 Pro
1817 5192 1857 5247 bis
1870 5193 2012 5251 Peseliusr
2029 5193 2098 5265 „See
2108 5197 2228 5271 quidm,

1309 5253 1738 5380 'gell'fgialbleb‘tbbeebmtloib
1748 5258 1875 5346 tteetesta
1883 5266 2163 5351 sonarentjntegnm
2178 5270 2228 5323 to-

1308 5382 1449 5443 mitterent
1466 5360 1646 5464 consuntisrb
1668 5391 1697 5446 in
1716 5346 1768 5452 he:
1784 5349 1848 5468 blial
1863 5341 2026 5470 :zblbblffl
2034 5336 2228 5461 :usila-blei

239 5472 286 5541 11)
302 5473 380 5540 apud
390 5475 457 5534 nos]
474 5467 649 5533 Burebardus
657 5467 688 5525 in
699 5437 841 5542 margines
857 5485 877 5522 o
890 5468 978 5524 umas.
1279 5474 1387 5530 ,verre
1402 5453 1538 5515 Ecclesiae
1556 5459 1738 5520 cortedune.
1772 5466 1816 5525 Ac
1832 5479 1892 5526 tum
1910 5490 1927 5528 a
1943 5469 2056 5528 Pastore
2073 5491 2177 5532 manus
2192 5476 2228 5531 eis
