4868 6420
286 359 363 433 423
871 348 1305 431 EPISTOLABUM
1364 357 1564 435 LlBlX.
1620 355 1748 434 1544.
2140 394 2142 398 ⁷
2256 355 2333 433 424

292 529 347 603 De
372 553 440 622 qua
468 550 612 620 prorsus
638 553 712 598 nan
740 529 894 620 impedio
920 524 1059 598 Sabini
1089 529 1289 614 consilium,
1336 526 1434 600 nulla
1451 526 1608 600 humana
1622 555 1687 622 ope
1702 528 1818 599 sanari
1836 543 1961 620 potest.
2019 525 2184 623 Cumque
2205 530 2245 600 in
2264 527 2335 604 hoc

292 633 496 725 placetque,
520 631 862 716 utdeancillafiat,
889 634 1090 724 quodvult.
1149 630 1240 701 Nam
1257 631 1288 700 ei
1337 648 1434 703 tanto
1468 657 1577 702 essem
1610 657 1790 716 moerore,
1831 632 1976 702 accessit
2009 631 2159 701 alterum
2192 635 2334 721 vulnus,

293 758 392 804 ntrnc
425 733 569 825 quidem
602 753 680 800 nan
711 735 944 818 adversabor,
985 757 1030 802 ne
1064 757 1177 803 navae
1209 734 1290 803 lites
1337 737 1431 827 quod
1456 735 1526 802 viri
1550 735 1677 825 optimi
1701 749 1734 804 et
1757 732 1861 802 nohis
1885 732 2089 802 amicissimi
2109 731 2335 829 Hieronymi

295 837 477 919 oriantur,
519 858 558 902 ac
581 834 703 902 malim
726 837 819 927 apud
844 835 952 903 filiam
981 859 1189 926 puerperam
1218 859 1289 904 esse
1337 832 1604 930 Bamgartncri
1624 836 1802 907 calamitas
1826 834 1930 919 nobis
1952 833 2052 917 lecit,
2084 835 2220 930 dequo
2244 838 2331 931 quid

296 938 483 1008 mulierem
515 929 736 1006 humanitate
766 938 886 1029 aliqua
912 950 1058 1007 naturae
1085 937 1290 1029 praeditam,
1338 940 1392 1007 vel
1407 938 1564 1029 consilii,
1595 938 1653 1008 vel
1665 938 1740 1028 spei
1754 937 1846 1007 cives
1860 936 1968 1007 vestri
1981 931 2153 1022 habeant,
2184 961 2331 1033 magno-

298 1064 404 1135 quam
428 1037 648 1107 barbaricam
670 1033 734 1109 καὶ
755 1035 953 1136 ἄστοργον.
1336 1064 1417 1132 pere
1441 1041 1544 1131 cupio
1569 1039 1668 1109 scire.
1719 1037 1793 1108 Nos
1814 1061 1883 1131 qua
1906 1052 2008 1129 parte¹
2025 1038 2141 1108 nostri
2161 1039 2332 1130 opitulari

400 1128 873 1232 DeCoburgensisscholae
892 1143 1147 1229 gubernatore,
1173 1165 1215 1211 eo
1232 1141 1290 1208 ni·
1337 1144 1370 1212 ei
1392 1142 1603 1233 possumus?
1661 1138 1777 1212 Deum
1807 1154 1990 1210 aeteruum
2014 1137 2156 1211 Patrem
2181 1137 2332 1214 Domini

299 1238 353 1312 hil
375 1244 550 1330 agendum
575 1255 653 1332 post
674 1257 776 1312 tuum
798 1245 933 1312 abitum
957 1244 1098 1328 censui,
1130 1243 1213 1336 quia
1229 1239 1290 1312 Si·
1337 1245 1451 1316 nostri
1467 1242 1547 1315 lesu
1560 1237 1696 1316 Christi
1710 1268 1795 1324 ora,
1829 1256 1870 1313 ut
1885 1266 1967 1312 cum
1981 1241 2085 1312 vobis
2101 1257 2136 1314 et
2150 1243 2258 1313 nobis
2274 1269 2332 1317 re-

300 1367 385 1413 mon
407 1345 468 1412 ille
483 1336 750 1440 Lichleselsius
766 1345 883 1414 statim
899 1359 1018 1436 postea
1034 1346 1192 1436 scripsit,
1222 1344 1290 1414 sibi
1336 1348 1469 1421 stituat.

298 1461 417 1540 partes
441 1446 559 1514 nescio
584 1469 679 1538 quas·
695 1445 734 1513 in
757 1441 878 1516 schola
899 1449 1082 1516 mandatas
1099 1471 1192 1532 csse,
1227 1447 1291 1516 etsi
1439 1446 1557 1538 Quem
1570 1469 1756 1541 possumus
1771 1443 1955 1516 nominare
1968 1445 2043 1516 ulla
2057 1444 2097 1515 in
2110 1445 2199 1518 urbe
2211 1446 2332 1518 'civem

300 1561 343 1619 ut
363 1561 415 1617 est
434 1540 685 1643 μεμψίμοιρος
706 1561 741 1618 et
762 1549 948 1633 delicatus,
981 1550 1143 1642 queritur
1157 1550 1291 1640 stipen-
1338 1552 1387 1623 sic
1408 1550 1575 1621 meritum
1596 1551 1641 1622 dc
1656 1546 1747 1641 ch.
1765 1549 1804 1617 in
1820 1547 1920 1617 omni
1936 1570 2063 1638 genere
2076 1549 2333 1638 negociorum?-

301 1649 402 1720 dium
414 1672 488 1718 esse
501 1648 654 1732 tenuius,
671 1673 777 1743 quam
794 1663 966 1743 quantum
981 1651 1193 1740 expectavit.
1221 1649 1290 1721 Sed
1338 1652 1485 1724 Summa
1517 1653 1586 1722 lide
1616 1665 1655 1736 et
1685 1650 1873 1742 prudentia
1899 1650 2160 1721 administravit
2185 1651 2332 1743 politica

301 1751 476 1842 explorari
497 1751 662 1821 voluntas
679 1747 961 1840 Coburgensium
985 1753 1133 1844 poterit,
1166 1775 1213 1822 an
1230 1776 1291 1820 ve-
1337 1778 1497 1825 munera.
1556 1752 1663 1824 Fovit
1677 1750 1870 1823 Ecclesiam
1886 1748 1970 1837 Dei,
2003 1752 2095 1821 iuvit
2113 1753 2231 1824 studia
2248 1753 2333 1825 lite-

300 1853 371 1922 lint
386 1852 481 1923 mitti
499 1847 639 1922 scholae
654 1853 937 1942 gubernatorem.
1338 1879 1477 1940 rarum,
1508 1855 1594 1933 texit
1611 1855 1704 1926 cives
1718 1875 1906 1947 pauperes,
1938 1848 2125 1924 abhorruit
2139 1879 2159 1925 a
2175 1855 2336 1927 factiosis

402 1941 583 2024 Caralum
604 1951 856 2046 Imperatorem
880 1955 1075 2024 discessisse
1091 1952 1194 2045 Spica
1217 1977 1293 2021 cer·
1339 1957 1516 2043 consiliis,
1548 1957 1684 2026 nullam
1706 1956 1774 2028 sibi
1798 1953 1993 2048 potentiam
2014 1949 2207 2049 quaesivit,
2236 1952 2332 2031 nibil

299 2070 378 2127 tum
406 2067 476 2136 est,
516 2069 551 2127 et
581 2052 803 2147 catastrophe
834 2071 1047 2142 conventus,
1085 2052 1153 2124 Dei
1185 2055 1293 2124 bene-
1338 2053 1575 2157 ὀλιγαρχικὸν
1598 2054 1735 2129 habuit.
1799 2057 1983 2128 Praeterea
2007 2057 2208 2142 eruditione
2232 2072 2334 2145 tanta

296 2156 397 2242 ficia,
424 2156 563 2249 placida
581 2156 662 2232 suit.
702 2150 872 2254 λώφησιν
894 2158 1001 2229 edicti
1017 2153 1219 2247 Augustani
1239 2158 1293 2227 la·
1337 2162 1518 2252 praeditus
1539 2175 1607 2247 est,
1637 2173 1678 2231 ut
1697 2159 1820 2245 nobis,
1853 2159 1915 2254 qui
1935 2158 1973 2228 in
1989 2154 2120 2231 Schola
2137 2183 2333 2249 versamur,

298 2272 392 2332 ctam
413 2281 486 2329 esse
511 2259 686 2350 intelligo.
750 2257 800 2333 Et
823 2272 971 2332 narrant
990 2260 1188 2331 orationem
1218 2253 1261 2332 V
1257 2282 1291 2328 e·
1337 2264 1442 2353 longe
1473 2263 1680 2348 antecellat,
1726 2274 1761 2332 et
1790 2262 2003 2332 domesticae
2034 2261 2183 2332 virtutes
2213 2263 2256 2333 in
2289 2288 2335 2335 eo.

243 2380 264 2398 ⁸
299 2358 450 2454 reingeri
461 2361 571 2432 luisse
584 2363 730 2452 dignam
745 2362 823 2433 viro
838 2363 943 2449 lorti,
974 2362 1038 2457 qui
1057 2385 1123 2454 pra
1143 2356 1210 2431 hac
1223 2358 1293 2431 Ca·
1338 2389 1460 2435 omnes
1482 2378 1585 2450 sunt,
1617 2387 1708 2458 quae
1730 2364 1827 2435 bauo
1856 2363 1934 2433 viro
1962 2363 2208 2434 attribuendae
2235 2379 2330 2441 sunt.

298 2463 369 2533 rali
390 2463 610 2553 mitigatione
635 2463 724 2551 dixit
747 2466 914 2535 adversus
937 2463 1145 2554 Moguntini
1174 2475 1293 2532 orata-
1314 2464 1520 2581 {Postremo
1535 2462 1625 2535 mihi
1639 2467 1689 2537 sic
1703 2480 1755 2537 est
1769 2465 1918 2550 amicus,
1942 2478 2072 2535 utnon
2087 2465 2208 2537 minus
2221 2492 2331 2560 quam

298 2588 387 2637 rem.
438 2561 536 2634 Bene
557 2578 593 2635 et
614 2564 765 2635 feliciter
782 2567 871 2635 vale.
922 2564 1019 2636 Tuas
1037 2566 1172 2636 litteras
1188 2587 1292 2655 expe·
1338 2570 1482 2639 fratrem
1504 2570 1725 2659 diligendum
1746 2567 1946 2637 iudicarim.
1995 2562 2044 2636 Et
2064 2566 2172 2636 dilexi
2194 2569 2332 2661 praeci-

299 2681 375 2751 ct0,
402 2678 436 2736 et
451 2663 568 2737 Deum
585 2690 668 2753 ora,
693 2680 734 2737 ul
747 2681 782 2740 te
799 2680 835 2739 et
848 2682 928 2738 tuos
945 2681 1076 2754 servet,
1107 2691 1146 2736 ac
1160 2663 1293 2736 Hiero·
1338 2694 1407 2764 pue
1421 2684 1566 2763 propter
1580 2670 1691 2762 ipsius
1706 2666 1946 2740 Excellentem
1961 2668 2140 2742 virtutem.
2340 2668 2343 2685 ¹

297 2792 408 2866 nyma
426 2763 565 2839 etmihi
581 2783 720 2840 nostras
735 2770 951 2841 calamitates
967 2769 1114 2860 mitiget.
1140 2769 1199 2839 die
1214 2764 1293 2844 lah.
1439 2771 1547 2845 Hunc
1568 2772 1673 2843 talem
1693 2771 1810 2841 virum
1833 2784 1869 2841 et
1888 2769 2062 2856 amicum,
2087 2782 2159 2841 tam
2180 2769 2334 2862 iudigua

237 2925 239 2930 Α
297 2868 489 2964 Baptistae.
1297 2907 1302 2911 ·
1338 2898 1421 2947 casu
1436 2876 1558 2946 venire
1571 2875 1612 2945 in
1627 2874 1818 2945 discrimen
1831 2896 2026 2958 summum,
2058 2895 2133 2942 non
2151 2872 2333 2945 dolerem?

897 2969 898 2972 '
957 2969 1051 3048 Phil.
1065 2968 1242 3045 Melanth.
1338 2975 1450 3068 Spero
1471 2977 1654 3070 equidem,
1691 2972 1807 3046 Deum
1830 2975 2009 3044 custodem
2033 2972 2108 3044 eius
2127 2974 2228 3060 fare,
2267 2975 2331 3070 qui

1338 3079 1405 3165 ait,
1438 3091 1479 3150 ut
1494 3079 1666 3171 pupillam
1683 3078 1798 3161 oculi,
1827 3076 1876 3146 ita
1893 3100 1929 3147 se
1945 3074 2094 3146 Sanctos
2106 3099 2191 3146 auos
2212 3090 2332 3149 custa-

1337 3181 1433 3265 dire,
1457 3195 1491 3250 et
1504 3193 1546 3252 ut
1561 3180 1755 3261 custodiat,
1780 3201 1856 3254 oro.
1913 3176 1985 3251 Sed
2000 3177 2198 3270 periculum
2216 3203 2331 3272 quan.

1337 3296 1413 3354 tum
1429 3283 1493 3368 sit,
1516 3295 1654 3374 reputa.

1438 3383 1583 3466 Scribe,
1614 3403 1763 3477 quaeso,
1794 3379 1965 3475 quicquid
1984 3381 2166 3472 explorare
2184 3381 2329 3474 pateris,

1336 3481 1361 3566 †
1384 3483 1569 3556 Postrema
1584 3499 1620 3555 et
1634 3480 1701 3555 hoc
1716 3508 1792 3553 oro.
1840 3479 1953 3554 Debet
1972 3479 2123 3551 Alberta
2135 3506 2329 3554 oeconomo

1337 3587 1477 3678 collegii
1498 3587 1612 3657 nostri
1634 3582 1672 3657 U
1675 3581 1789 3655 lricus
1811 3578 1980 3654 Flaccus.
2029 3580 2119 3654 Eam
2142 3584 2329 3676 pecuniam

1337 3713 1379 3758 ex
1400 3690 1596 3780 stipendio,
1628 3689 1725 3781 quod
1745 3686 1872 3780 pendit
1892 3680 2079 3758 Nicolaus
2100 3681 2215 3755 Eirer
2236 3687 2331 3756 solvi

1337 3813 1454 3876 cures;
1484 3813 1526 3861 ac
1548 3791 1745 3861 cavendum
1766 3804 1834 3872 est,
1863 3813 1908 3857 ne
1929 3790 2024 3883 quod
2041 3783 2191 3857 Alberta
2211 3787 2330 3861 decidi

984 3947 987 3953 .
1258 3900 1262 3906 ’
1337 3890 1522 3979 volumus,
1542 3891 1737 3984 ,perveniat
1761 3891 1799 3959 in
1820 3884 1952 3959 Flacci
1973 3913 2109 3962 manus.
2166 3886 2253 3960 Non
2275 3904 2329 3962 cst

296 3966 492 4096 Q·
839 4029 840 4032 ¹
1109 3977 1275 4094 ἔξω·
1337 3996 1517 4064 moderata
1533 4007 1659 4063 natura
1675 4006 1735 4063 aut
1749 3987 1864 4086 ἠθικὴ
1881 3993 1921 4061 in
1938 3983 2237 4078 UlricaFlocca,
2264 3993 2329 4065 etsi

1115 4145 1123 4162 ,
1193 4067 1290 4096 ‘⁹
1335 4096 1483 4167 aliteris
1499 4119 1573 4166 non
1590 4089 1769 4169 abhorret.
1821 4094 1979 4183 Quaeso,
2003 4109 2044 4171 ut
2061 4089 2152 4164 hanc
2168 4117 2327 4188 rem-pro

632 4145 684 4238 V·
717 4148 952 4233 mmm
1004 4265 1007 4268 ,
1335 4210 1395 4267 tua
1414 4196 1604 4289 prudentia
1626 4209 1786 4267 accurate
1806 4219 1899 4285 agas.
1961 4193 2052 4266 Nam
2077 4197 2259 4290 quomodo
2282 4197 2327 4269 sit

363 4310 734 4437 Episctibdtqqptatsqq.
750 4335 788 4358 -ι
821 4303 1288 4388 tticmutognp'toineot.tuo-
1334 4301 1473 4388 agenda
1483 4311 1523 4370 tu
1537 4299 1665 4370 melius
1681 4298 1839 4368 iudicare
1855 4299 1998 4389 poteris.
2042 4295 2216 4366 Fortassis
2238 4298 2327 4372 saci.

334 4412 336 4416 “
395 4403 456 4440 ⁰⁸⁶·
470 4383 492 4438 ¹·
503 4402 533 4456 P·
597 4421 605 4438 ·
1175 4409 1180 4424 '
1333 4400 1416 4469 lima
1431 4400 1487 4471 via
1502 4415 1609 4487 esset,
1634 4399 1815 4470 §curaris
1833 4395 1922 4469 mihi
1940 4399 2144 4492 pensionem
2159 4399 2327 4492 stipendii

343 4533 826 4623 D.V1'10Tl,00d0r0‚
863 4534 1005 4611 docum·
1025 4537 1176 4638 Evang·
1199 4542 1238 4612 in
1333 4501 1446 4615 mitti,
1485 4527 1565 4572 cum
1590 4503 1681 4572 solet
1705 4501 1917 4573 numerari.''
1979 4499 2077 4571 Bene
2096 4501 2181 4574 -vale
2209 4515 2247 4574 et
2270 4526 2325 4573 ra-

615 4637 756 4712 Ecclffi
773 4637 973 4736 Noriberg·
1332 4603 1456 4679 scribe.
1506 4602 1576 4675 Die
1594 4597 1765 4674 Iohannis
1782 4601 1973 4695 Baptistae.

1839 4698 2030 4797 Philippus
2046 4697 2276 4779 Melanthea.

401 3111 818 3209 GeorgiumDusclaium
833 3121 969 3193 misisse
982 3123 1052 3193 ianr
1067 3138 1204 3195 nostras
1217 3125 1293 3217 epi-

297 3226 404 3296 stolas
424 3224 470 3293 ad
492 3216 815 3318 Merspurgensem
841 3221 1048 3296 Antistitcm
1066 3218 1105 3321 ³)
1128 3227 1291 3297 arbitror.

298 3324 433 3417 Scripsi
455 3347 495 3396 ca
516 3346 606 3417 quae
627 3324 827 3396 arbitrabar
848 3349 988 3397 caussae
1006 3328 1192 3417 profutura
1207 3352 1291 3398 esse.

297 3425 352 3504 Ac
381 3438 572 3496 venturum
599 3446 673 3495 esse
697 3426 800 3496 brevi
825 3429 870 3496 ad
895 3451 960 3496 nos
981 3426 1290 3521 Merspurgensem

297 3526 506 3603 Antistitcm
537 3525 673 3612 audio,
720 3527 785 3599 ubi
819 3553 937 3599 coram
976 3528 1071 3600 idem
1103 3533 1290 3622 negocium

296 3655 409 3724 egam.

290 4758 334 4850 S·
357 4779 402 4852 D.
455 4776 562 4867 Quod
577 4777 615 4845 in
629 4777 691 4846 illa
706 4777 821 4868 prima
843 4776 1014 4847 concione
1032 4777 1284 4848 denunciatum

274 4895 363 4969 est„
383 4874 565 4950 insidiari
574 4873 786 4948 Diabolum
802 4873 973 4948 calcaneo
987 4885 1131 4959 nostra,
1156 4879 1193 4949 id
1209 4881 1283 4949 lieri

289 4984 474 5067 atrociter,
513 4980 724 5072 experimur.
790 4979 860 5051 Sed
886 4979 1019 5050 Filium
1040 4976 1108 5049 Dei
1133 5003 1283 5067 oremus,
1328 4997 1395 5074 No·
1411 5000 1526 5083 2971·

288 5100 331 5158 ut
346 5099 450 5176 caput
472 5081 692 5154 insidiatoris
708 5082 903 5157 conculcet.
1020 5075 1023 5079 ’
1334 5094 1506 5130 *⁴⁶⁴⁸*

270 5243 274 5248 .
389 5181 486 5256 Mihi
511 5184 643 5256 minus
663 5183 747 5254 fecit
768 5197 850 5254 ante
875 5205 1005 5273 paucos
1027 5206 1164 5254 menses
1187 5184 1280 5255 filiae
1741 5169 1913 5257 Eidem.

184 5384 188 5392 ι
215 5325 221 5330 ”
286 5289 482 5374 &imiimi
507 5285 696 5378 ”lpmius
711 5289 780 5358 ωῠ
793 5283 1150 5384 Yal‘lqmvsaefflia’
1180 5291 1275 5381 ΨΜ
1392 5332 1470 5406 †llx
1492 5333 1660 5405 autographo
1678 5333 1749 5389 atet.
1767 5333 1797 5388 in
1816 5332 2164 5460 cod.Manac.1,p.662.
2206 5339 2256 5395 Est

1443 5401 1494 5457 ella
1513 5423 1528 5458 e
1548 5405 1641 5458 istolae
1660 5404 1695 5458 ad
1712 5403 1888 5459 'lbeodarurn
1908 5402 2029 5468 inclusa.
2067 5417 2170 5462 ortanae
2183 5409 2276 5478 episto
2287 5430 2321 5464 κ

1423 5421 1451 5525 d.
1466 5473 1509 5527 24.
1525 5423 1585 5531 lun.
1604 5472 1696 5537 1544..
1719 5472 1838 5536 adiecta,
1860 5480 1891 5526 ut
1910 5471 2006 5529 Eirera
2025 5479 2175 5534 monstrari
2194 5482 2237 5539 vel
2258 5478 2318 5536 dari

2147 5008 2325 5137 Q

285 5557 292 5585 t
319 5542 433 5615 *J·Vid.
445 5559 488 5614 ep.
499 5542 528 5600 d.
537 5543 584 5599 24.
595 5544 658 5601 lun.
1423 5551 1524 5613 portet.
