4868 6420
120 330 196 407 eet
695 273 1132 401 uersroraeuu
1195 325 1305 405 ure.
1340 328 1409 402 uc
1458 298 1609 443 154ss
2002 285 2005 290 ’
2083 327 2160 402 eea

120 500 193 588 bis,
227 515 261 573 et
284 513 397 571 servet
412 498 579 592 reliquias
597 522 679 570 suae
694 495 883 571 Ecclesiae.
936 494 980 568 In
995 494 1114 569 Tran-
1166 498 1356 574 Prussiam.
1407 495 1472 572 Est
1492 515 1610 571 autem
1631 500 1683 570 ibi
1697 498 1805 590 Belga
1826 497 1988 591 quidam,
2013 496 2092 591 qui,
2118 511 2158 570 ut
2239 558 2243 566 .

121 603 279 699 sylvania
307 605 377 672 late
401 602 575 673 illucescit
598 599 874 690 Evangelium.'
905 597 1003 670 Bene
1025 601 1115 679 vale.
1167 615 1218 670 est
1232 603 1345 690 gentis
1362 616 1499 692 captus,
1526 603 1644 672 omnia
1661 603 1744 687 scit,
1770 602 1851 694 quia
1865 602 2070 692 loquaxest,
2122 592 2157 670 Is

118 704 186 777 Die
204 705 240 787 4.
257 703 470 776 Novembris
484 700 523 799 ⁸).
1167 703 1295 793 premit
1318 698 1551 787 [studerem.
1585 718 1619 775 et
1641 704 1728 773 alios
1752 705 1899 772 fortasse
1923 701 2034 792 magis
2057 725 2156 771 exer-

575 798 801 896 †Pbilippus
823 798 1064 874 Melanthon.'’
1167 818 1270 877 ceret.
1322 805 1544 895 Significabis
1560 807 1687 895 igitur,
1723 802 1985 898 quidPrincipi
2009 826 2155 894 respon÷

1167 906 1323 975 dendum
1348 906 1492 980 iudices.
1550 906 1590 978 si
1616 908 1664 977 ita
1686 906 1847 992 videtur,
1879 905 2155 995 significabimus

1166 1031 1231 1076 nos
1247 1008 1286 1075 in
1303 1009 1473 1098 proximis
1495 1009 1666 1078 nondinis
1682 1006 1827 1080 Calend.
1842 1006 1999 1075 Ianuarii
2018 1006 2171 1079 indica-⁴.¹

1165 1120 1263 1178 turos
1286 1132 1359 1178 esse
1382 1110 1545 1202 aliquem.
1609 1108 1755 1180 lnterim
1784 1109 1879 1179 enim
1902 1104 2156 1205 Spoagchergr

1104 1238 1113 1256 ·
1166 1223 1199 1279 et
1223 1211 1367 1281 alterius
1391 1212 1554 1281 voluntas
1578 1212 1837 1305 explorabitur,
1877 1225 1913 1282 et
1941 1234 2006 1280 nos
2037 1234 2155 1279 coram

1166 1312 1321 1405 colloqui
1338 1313 1543 1403 poterimus.

1265 1424 1332 1497 Est
1354 1424 1413 1497 hic
1434 1427 1611 1522 quispiam
1626 1421 1841 1498 Fridericus
1858 1421 2069 1525 Staphylus
2091 1450 2156 1499 na-

88 1509 90 1512 ⁴
188 1554 323 1630 Epiaad
338 1553 474 1610 camerae.
492 1551 653 1625 ptsssqq.
673 1551 886 1621 (catenatis.
901 1551 1090 1621 tv.ep.soa.)
1165 1543 1221 1599 tus
1243 1528 1282 1597 in
1304 1528 1475 1615 Livonia,
1510 1555 1568 1616 ac,
1600 1545 1640 1602 ut
1661 1532 1832 1615 arbitror,
1865 1530 2023 1620 Principi
2045 1529 2154 1600 Prus-

1148 1631 1236 1699 ‘siae
1252 1644 1375 1712 notus,
1410 1633 1473 1725 qui
1495 1645 1613 1701 tamen
1637 1646 1796 1724 parentes
1821 1628 1946 1702 habuit
1964 1630 2155 1703 Germani·

116 1708 343 1789 Clarissimo
371 1709 477 1828 vire..
504 1706 651 1806 egregia
685 1705 886 1826 effldlif'ffll‘
919 1717 950 1777 ⁶²
985 1709 1117 1826 ‘'illut‘'
1165 1756 1241 1813 cos,
1274 1746 1309 1802 et
1328 1729 1445 1802 adhuc
1465 1746 1600 1824 patrem
1623 1729 1729 1805 habet
1746 1735 1784 1802 in
1801 1733 2021 1819 Westvalis,
2045 1730 2154 1802 homo

114 1814 287 1919 praedito
303 1808 548 1929 Ioachrtmo
570 1805 859 1929 Camerqrws
885 1804 1112 1909 PHWWS‘
1164 1834 1386 1922 ingeniosus,
1417 1850 1451 1905 et
1468 1833 1603 1904 Graece
1624 1849 1659 1905 et
1671 1834 1799 1906 Latine
1821 1837 1996 1926 praeclare
2021 1838 2155 1905 doctus.

397 1939 518 1984 amrco
532 1938 600 1984 suo
618 1937 828 1995 cartssmw,
1163 1932 1267 2004 Nunc
1295 1937 1470 2024 gubernat
1498 1937 1754 2006 adolescentem
1780 1935 1956 2008 Comitem
1976 1930 2154 2030 Nauger-

113 2037 163 2132 S.
188 2056 233 2127 D.
284 2053 484 2124 Meministi
504 2052 661 2121 fabulam
679 2053 722 2119 de
738 2049 948 2141 antiquitate
964 2049 1111 2138 originis
1164 2029 1319 2112 dmum·
1383 2034 1418 2107 18
1449 2037 1591 2108 videtur
1622 2034 1714 2107 mihi
1746 2040 1920 2108 sustinere
1953 2033 2047 2108 hanc
2079 2061 2153 2107 rem

115 2154 349 2253 Scytharum,
380 2157 442 2248 qui
457 2155 541 2223 satis
555 2167 654 2223 acute
669 2152 971 2221 ratiocinabantur
983 2174 1019 2218 se
1036 2153 1110 2240 pri·
1162 2161 1274 2229 Posse·
1978 2146 1983 2155 '

114 2254 395 2331 moshominum
418 2279 510 2340 esse,
535 2278 653 2348 eoque
677 2253 820 2322 caeteris
842 2253 1050 2322 antecellere
1074 2253 1109 2322 vi
1260 2250 1400 2325 Bactri
1419 2256 1551 2329 litteras
1575 2257 1605 2326 si
1628 2281 1702 2327 non
1725 2258 1858 2348 legisti,
1890 2258 2010 2349 legito.
2069 2258 2153 2328 Ideo

116 2362 355 2454 ingeniorum.
418 2357 502 2428 Sive
527 2358 621 2425 enim
649 2380 690 2424 ex
714 2355 815 2447 aquis
839 2354 982 2424 emersit
1005 2367 1108 2441 terra,
1162 2356 1256 2426 enim
1277 2359 1431 2430 remitto.
1482 2356 1659 2444 Postulat,
1691 2373 1732 2430 ut
1754 2362 1870 2445 vides,
1901 2385 1984 2430 mox
2006 2383 2154 2452 respou-

116 2491 198 2538 cum
211 2457 317 2533 chaos
334 2458 487 2543 dissiliit,
514 2452 697 2553 Scythiam
712 2457 941 2546 disputabant
956 2455 1107 2545 primam
1161 2460 1249 2532 deri.
1306 2455 1442 2528 Addidi
1477 2461 1586 2548 igitur
1616 2462 1684 2551 ipsi
1719 2461 1924 2554 inscriptam
1957 2462 2155 2553 epistolam,

117 2565 320 2647 emersisse,
358 2563 441 2656 quia
466 2561 654 2638 altissima,
695 2571 746 2627 est
768 2552 830 2628 καὶ
854 2554 1007 2655 ἔγγιστα
1034 2552 1108 2629 ὑπὸ
1161 2586 1267 2654 quam
1285 2562 1366 2630 volo
1382 2560 1476 2629 nulli
1493 2563 1584 2632 tradi
1601 2563 1669 2631 nisi
1687 2563 1753 2648 illi,
1780 2564 1836 2632 cui
1851 2563 2040 2653 iussit'ipse
2056 2586 2153 2632 com.-

115 2664 184 2742 τὸν
218 2658 347 2737 utitor:
392 2663 466 2731 sive
501 2687 541 2732 ex
576 2663 657 2751 igne
683 2660 818 2750 erupit,
854 2682 929 2728 eam
963 2671 1108 2750 partem,
1160 2661 1264 2734 mitti.
1317 2654 1531 2753 Respondeo
1547 2664 1721 2733 enimetsi
1739 2660 1906 2746 honesta,
1937 2677 2092 2732 attamen
2109 2665 2154 2732 de

116 2794 207 2867 quae
229 2765 434 2856 longissime
457 2764 597 2833 recessit
621 2790 640 2835 a
662 2762 862 2831 meridiano
886 2773 1003 2845 aestu,
1034 2761 1108 2848 pri·
1160 2787 1198 2831 re
1213 2763 1318 2854 plena
1337 2763 1497 2853 periculi.
1549 2763 1590 2834 Si
1612 2765 1700 2835 abiit
1722 2766 1797 2833 eius
1820 2759 2151 2862 γραμματοφόρος,

113 2897 210 2943 mam
226 2868 434 2939 discessisse.
482 2862 617 2935 Eamus
641 2885 722 2951 ergo
745 2864 784 2930 in
806 2863 868 2931 illa
889 2863 984 2945 loca,
1006 2885 1108 2951 prae·
1160 2864 1290 2957 poteris
1305 2864 1484 2952 resignare
1499 2889 1593 2934 meas
1614 2866 1766 2950 litteras,
1800 2881 1834 2937 et
1856 2867 1984 2937 deinde
2008 2891 2154 2936 concer-

115 2973 237 3046 sertim
261 2970 408 3041 comiter
430 2966 582 3039 invitati.
633 2963 724 3035 Nam
744 2963 913 3053 Princeps
933 2955 1107 3030 Prutem'-
1159 2990 1253 3056 pere.
1309 2959 1516 3060 Dryondri
1536 2968 1645 3039 scater
1668 2969 1831 3038 nondum
1855 2971 1949 3059 apud
1983 2992 2048 3037 nos
2075 2969 2153 3039 fuit.

116 3099 178 3147 cus
193 3089 228 3146 te
242 3072 384 3153 invitat,
412 3083 452 3139 ut
474 3092 514 3136 ex
531 3069 642 3159 ipsius
657 3066 783 3135 litteris
800 3066 994 3153 intelliges,
1020 3089 1106 3158 quas
1157 3066 1285 3137 Coram
1310 3068 1415 3137 etiarn
1439 3072 1609 3159 quaedam
1634 3072 1678 3138 de
1703 3069 1773 3139 ruis
1799 3071 2090 3140 annotationibus
2114 3070 2153 3138 in

113 3179 230 3248 mitto.
280 3170 356 3260 Ego
378 3171 521 3264 quidem
540 3193 613 3238 uon
633 3182 728 3237 metu
748 3166 1028 3259 impendentium
1047 3192 1106 3234 ca·
1160 3167 1304 3237 loannis
1318 3163 1515 3245 historiam.
1540 3169 1637 3241 Bene
1653 3185 1685 3242 et
1701 3172 1850 3242 feliciter
1866 3171 1954 3247 vale.
1981 3168 2151 3241 1111.Νο-

113 3279 313 3351 lamitatum
329 3296 472 3366 quoquo
488 3284 661 3341 terrarum
675 3270 795 3358 fugere
809 3269 923 3359 cupio,
947 3270 1008 3336 sed
1023 3269 1104 3361 quia
1157 3269 1297 3343 vembr.

112 3377 163 3454 τὰ
194 3369 460 3461 ἐπιπολάζοντα
495 3374 613 3442 videre
647 3371 781 3441 diutius
813 3383 1010 3461 pertaesum
1043 3383 1105 3441 est.

113 3483 252 3553 Verum
278 3474 363 3546 haec
387 3475 485 3547 alias.
546 3472 790 3544 sustentemus
818 3474 912 3539 euim
940 3495 1005 3538 nos
1031 3471 1105 3539 usi-

112 3599 186 3658 tata
203 3579 466 3659 consolatione,
500 3600 589 3667 quae
612 3574 709 3644 iubet
731 3567 794 3641 iras
817 3595 1021 3642 communes
1036 3572 1104 3639 mi·
1158 3591 1624 3609 .........„-...-.„.„,‚...„.

112 3687 222 3758 serias
246 3682 400 3775 perferre
423 3671 475 3769 μὴ
493 3672 683 3754 λείποντας
698 3666 801 3754 τάξιν
817 3673 855 3741 ἰιι
869 3671 1028 3743 Ecclesia
1050 3687 1103 3745 at-

117 1197 186 1271 No.
200 1192 311 1267 2791.
361 1272 364 1277 .

126 1290 298 1326 w

394 1374 545 1457 Ioaeb.
579 1370 839 1462 Camerario.

1719 3369 1908 3466 Philippus
1925 3373 2101 3447 Melantb.

1770 3596 2145 3613 “ww-m...-

109 3789 295 3861 tributam.
360 3775 491 3850 Attulit
515 3777 719 3847 Protenicas
743 3776 878 3845 litteras
901 3776 1103 3844 adolescens

59 3943 65 3951 -
111 3889 247 3961 nobilis
272 3898 366 3954 recta
388 3882 564 3972 profectus
587 3879 626 3946 iu
641 3876 822 3960 Hassiam,
855 3901 895 3945 ac
918 3876 1037 3967 petiit,
1063 3891 1103 3946 ut

110 4014 232 4064 curun
255 3978 336 4057 ante
367 3982 521 4053 reditum
543 4004 646 4049 suum
667 4003 708 4048 ex
727 3976 839 4049 Cattis
860 3977 1027 4048 adornari
1047 4001 1103 4047 re-

110 4091 331 4186 sponsiones.
381 4082 447 4154 Est
468 4095 585 4152 autem
608 4082 700 4151 intra
724 4080 799 4150 dies
821 4079 1022 4171 quindecim
1045 4103 1103 4148 re-

30 4193 33 4198 ’
109 4198 263 4267 diturus.
319 4187 422 4261 Misit
443 4178 534 4253 mihi
558 4181 727 4274 Princeps
750 4180 948 4270 exemplum
972 4180 1102 4271 episto-

108 4299 167 4368 lae
189 4295 234 4362 ad
254 4308 286 4363 te
311 4290 473 4380 scriptae.
536 4283 663 4365 Nobis,
702 4296 745 4352 ut
768 4283 885 4363 vides,
921 4280 1101 4371 permittit,

107 4413 153 4471 ut
166 4408 376 4466 statuamus:
409 4387 449 4459 Si
464 4380 763 4482 Spangebergius
787 4396 821 4452 et
836 4382 924 4451 alter
938 4394 1101 4450 recusent

106 4497 286 4588 suscipere
306 4489 375 4562 hoc
394 4513 534 4561 munus.
590 4483 638 4556 Et
658 4481 973 4581 Spongebergium
994 4507 1098 4552 excu-

10 4579 16 4593 ’
106 4615 163 4673 sat
179 4613 284 4668 aetas.
332 4592 420 4664 Erat
439 4591 470 4659 is
492 4584 560 4657 hac
584 4601 712 4658 aestate
735 4585 907 4675 ampliore
923 4584 1099 4675 stipendio

107 4700 297 4774 accersitus
326 4693 628 4784 Magdeburgum,
674 4689 736 4757 sed
774 4699 894 4779 postea
934 4698 1053 4754 tamen
1080 4710 1100 4753 a

107 4776 370 4876 Northasonis
385 4793 529 4864 retineri
546 4815 581 4861 se
598 4813 720 4881 passus
736 4803 797 4858 est.
847 4785 1010 4855 Alterum
1021 4786 1100 4856 lor-

106 4890 795 4993 ,mispueuareeensductaretinebit·
834 4882 1099 5010 thuanquam
1151 4945 1190 5011 in
1214 4944 1274 5012 illa
1295 4943 1428 5034 puerili
1448 4935 1567 5011 schola
1589 4941 1821 5013 detinendum
1843 4970 1925 5020 esse.
1976 4947 2066 5020 Nam
2085 4953 2143 5022 in-

106 5005 270 5078 modesto
284 4999 426 5089 ingenio
443 5009 512 5079 est,
547 5009 662 5064 tamen
686 5015 759 5061 non
780 4983 923 5058 'videtur
945 4983 1036 5082 πρὸς
1055 5015 1098 5058 το

105 5099 371 5183 πολιτεύεσθαι
393 5093 457 5171 καὶ
477 5091 653 5194 ἡγεῖσθαι
672 5091 795 5164 ἄλλων
818 5091 928 5179 magis
948 5091 1098 5159 idoneus

103 5235 182 5285 esse
198 5199 391 5288 Isiadero,
420 5222 526 5293 quern
548 5197 615 5266 scis
637 5194 781 5266 anobis
802 5191 948 5262 missum
971 5215 1042 5261 esse
1059 5217 1097 5260 ιιι

107 5392 342 5433 Γῆ,

25 5465 33 5473 ’
136 5502 360 5582 amarorum
373 5492 552 5557 vtattidiu
568 5507 636 5548 aaa.
650 5485 726 5546 ress.

1165 3747 1233 3820 No.
1249 3748 1363 3819 2792.
2018 3760 2051 3823 6.
2070 3753 2149 3819 Nor.

1160 3844 1374 3881 »ev-..a

1511 3926 1566 4012 N.
1589 3927 1793 4015 Mestleta.

1222 4105 1322 4161 ecoe.
1336 4103 1433 4160 savara
1451 4102 1512 4158 va.
1529 4103 1561 4157 ιι.
1580 4124 1607 4176 p.
1619 4105 1680 4159 sao.
1700 4106 1927 4162 assesserunt
1947 4108 1976 4161 sn
1997 4109 2023 4165 a.
2042 4108 2147 4169 umes
2193 4080 2200 4101 ’

1258 4174 1357 4229 Naebr.
1374 4174 1448 4227 1739.
1463 4192 1489 4245 p.
1497 4174 1556 4227 405.
1573 4185 1600 4228 et
1614 4193 1701 4246 nuper
1712 4193 1728 4229 a
1738 4174 1846 4230 Danzio
1859 4195 1901 4248 ep.
1913 4178 1957 4232 tt.
1969 4179 2054 4248 edita,
2071 4199 2146 4235 nuuc

1257 4263 1286 4298 es
1300 4243 1398 4296 eodem
1412 4243 1474 4298 cod.
1486 4242 1630 4311 descripta.

1423 4393 1631 4471 Nicoloo
1655 4392 1875 4473 Medlero
1952 4384 1958 4393 ⁴

1152 4518 1193 4610 S.
1215 4536 1260 4607 D.
1310 4533 1401 4607 Cum
1426 4529 1495 4605 boc
1517 4550 1674 4626 tempore
1694 4537 1759 4605 lilii
1786 4542 2084 4612 consuetudinem¹
2106 4544 2145 4613 in

1153 4637 1219 4710 hoc
1234 4639 1366 4709 recenti
1381 4639 1481 4708 luctu
1496 4639 1638 4731 utrique
1652 4639 1878 4729 profuturum
1895 4667 1968 4712 esse
1984 4646 2146 4734 arbitrer,

1152 4743 1255 4832 plane
1277 4739 1466 4809 consilium
1490 4753 1590 4810 tuum
1615 4741 1659 4809 de
1682 4745 1890 4810 accersendo
1916 4744 1990 4815 lilio
2017 4749 2144 4840 probo.

1152 4842 1222 4915 Sed
1241 4843 1272 4912 si
1287 4841 1479 4933 tranquilla
1496 4855 1600 4911 erunt
1624 4854 1802 4931 tempora,
1835 4869 1959 4916 censeo
1981 4873 2056 4918 non
2080 4852 2144 4922 diu

1151 5046 1243 5134 genii
1260 5046 1313 5113 vis
1329 5045 1367 5112 in
1383 5039 1583 5113 Acardemiis
1601 5044 1639 5112 in
1655 5047 1805 5136 quadam
1823 5049 1989 5121 varietate
2007 5054 2143 5125 doctri-

1061 5192 1069 5207 .
1150 5170 1296 5229 narum,
1326 5144 1569 5234 ingeniorum,
1591 5146 1810 5230 studiorum,
1836 5150 1946 5238 magis
1963 5156 2143 5243 excitatur,

1150 5264 1185 5319 ct
1200 5248 1313 5330 lilius,
1338 5244 1405 5314 Dei
1423 5247 1611 5330 beneficio,
1646 5270 1684 5315 ea
1709 5260 1761 5317 est
1783 5249 1922 5336 indole,
1955 5267 1997 5323 ut
2016 5259 2058 5325 ad
2084 5282 2142 5326 ar-

1149 5353 1239 5423 tium
1266 5347 1479 5442 optimarum
1506 5349 1758 5439 perfectionem
1792 5353 1972 5442 adspirare
2005 5358 2140 5437 debeat.
2190 5388 2194 5400 ¹

1148 5451 1285 5540 Deum,
1316 5462 1499 5520 aeternum
1521 5463 1658 5543 patrem
1680 5451 1817 5522 domini
1839 5457 1953 5527 nostri
1968 5454 1996 5529 Ι.
2008 5455 2049 5537 C.
2067 5485 2142 5550 oro,
