4868 6420
129 325 205 406 255

128 502 306 595 vibusque
322 496 430 569 etiam
443 497 536 569 tristi
551 493 709 589 tempore
722 488 937 568 locum-'esse
952 497 1042 597 scio,
1067 511 1123 568 ta-

127 627 214 675 men
234 626 310 672 non
333 601 410 669 sine
428 601 566 690 gemitu
589 592 960 693 utranque'epietolae
985 612 1121 692 partem

127 706 211 796 legi.
263 702 353 792 Quis
377 702 474 770 enim
494 726 570 772 non
591 702 710 771 doleat
730 724 886 771 summos
906 696 1123 793 Monarchas

128 802 327 880 Christiani
340 803 497 872 nominis
513 804 608 875 inter
623 827 659 872 se
674 801 723 873 ita
741 804 885 888 ludere,
911 828 991 872 cum
1010 798 1122 872 Turci

128 907 217 980 alibi
232 908 422 975 immanem
439 905 611 989 sevitiam,
634 928 724 995 pene
738 904 777 972 in
793 918 983 995 conspectu
999 917 1120 973 nostro

128 1021 322 1082 exerceant.
373 1002 417 1075 Iu
432 999 533 1074 Alba
560 1003 682 1100 regia,
706 1019 787 1099 post
812 1007 1029 1075 deditionem
1053 1005 1122 1074 tria

126 1111 243 1182 millia
258 1105 447 1178 hominum
457 1108 629 1203 trucidata
645 1121 740 1191 sunt,
754 1121 787 1177 et
804 1108 1013 1177 cadaverum
1025 1130 1123 1176 acer-

127 1237 195 1285 vus
221 1210 328 1282 altior
349 1208 419 1278 suit
438 1209 625 1278 moenibus
646 1210 757 1281 urbis.
807 1205 856 1279 Et
871 1233 968 1278 nunc
991 1208 1120 1301 passim

129 1318 172 1385 iu
201 1311 350 1404 receptis
379 1310 519 1401 oppidis
545 1306 686 1381 honesti
711 1306 878 1381 homines
903 1311 1121 1400 iugulantur.

126 1413 269 1488 Recens
285 1411 380 1482 euim
397 1411 514 1502 accepi
529 1412 676 1485 litteras.
714 1409 828 1480 Video
844 1425 961 1483 autem
975 1411 1122 1502 patriae,

126 1514 387 1597 Ecclesiarum,
427 1508 592 1597 Artium,
626 1513 845 1604 Disciplinae
880 1515 1122 1582 defensionem

126 1642 206 1689 uon
220 1616 327 1686 modo
342 1615 414 1683 illis
429 1613 595 1685 fatalibus
613 1611 753 1703 Regum
766 1629 968 1685 nostrorum
989 1614 1123 1685 tumul-

126 1720 243 1804 tibus,
277 1718 466 1787 sedetiam
490 1738 631 1786 caussae
646 1714 846 1810 Lycaoniae
870 1716 1124 1808 disputationi-

126 1824 196 1893 bus
210 1818 395 1910 impediri,
416 1818 455 1886 in
472 1814 562 1909 duae
576 1841 657 1886 vere
679 1812 762 1910 περὶ
779 1814 869 1889 ὄνου
886 1820 991 1897 σκιᾶς
1003 1817 1122 1907 litiga-

127 1936 200 1998 tur.
251 1919 324 1993 Nec
346 1919 466 1988 minus
486 1941 673 1988 succenseo
697 1913 783 2003 his,
797 1920 858 2011 qui
882 1919 921 1987 in
938 1916 1047 1988 Curia
1064 1942 1122 1988 so-

125 2021 316 2118 phisticam
331 2034 505 2105 exercent,
520 2044 628 2112 quam
643 2020 714 2088 illis
732 2020 861 2111 ineptis
876 2021 1122 2104 bellatoribus,

127 2126 193 2223 qui
215 2138 288 2196 tam
305 2123 425 2193 sutiles
447 2122 622 2194 tumultus
643 2136 799 2194 movent.
859 2116 936 2191 Odi
957 2135 1122 2211 argutum

126 2231 242 2301 civem
272 2225 350 2294 sine
389 2224 521 2295 virtute
561 2237 734 2315 tanquam
769 2223 970 2313 practicam,
1004 2222 1124 2317 inquit

125 2328 287 2402 Plautus.
338 2323 382 2395 lu
398 2325 545 2416 epistola
560 2338 620 2395 tua
636 2325 740 2414 plane
758 2324 945 2409 divinasti,
959 2325 1040 2393 talis
1055 2324 1123 2395 erit

126 2428 321 2523 disputatio
339 2429 383 2497 de
408 2449 528 2496 caussa
542 2424 759 2519 Lycaonica,
781 2426 921 2518 qualem
943 2427 1122 2495 describis.

125 2533 199 2607 Sed
213 2530 427 2613 viderimus,
452 2552 498 2597 ne
515 2524 581 2597 hae
597 2549 748 2616 nugaces
765 2527 861 2595 rixae
876 2549 1044 2615 magnum
1061 2526 1121 2595 in·

126 2634 294 2708 cendium
308 2631 470 2703 excitent.
522 2628 658 2698 Verum
678 2623 849 2698 bacciam
864 2628 1001 2700 omitto.

129 2882 136 2889 ,
230 2805 393 2880 Omnino
409 2805 550 2876 decrevi
562 2807 602 2875 in
616 2806 789 2875 nundinis
806 2806 851 2874 ad
863 2828 926 2873 vos
941 2806 1121 2896 expatiari.

125 2914 169 2988 Si
188 2935 276 2984 vero
296 2923 398 2980 antea
422 2910 615 2994 evocabor,
633 2922 770 2978 atamen
790 2907 857 2978 iter
878 2930 943 2998 per
963 2906 1122 2998 Lipsiam

126 3016 267 3087 faciam.
326 3036 330 3045 ‘

227 3195 374 3271 Sabino
390 3197 571 3290 pollicitus
596 3221 694 3281 sum,
712 3208 754 3266 'te
776 3197 820 3264 ad
836 3196 971 3267 Ducem
989 3189 1122 3264 Albur-

125 3315 206 3377 tum
222 3305 267 3373 de
282 3304 359 3395 ipso
376 3299 593 3390 scripturum
615 3321 699 3370 csse.
751 3294 868 3365 Velim
891 3312 1008 3368 autem
1027 3297 1123 3368 litte-

124 3432 184 3479 ras
207 3406 346 3476 easdem
367 3402 508 3492 gemino
532 3400 690 3491 exemplo
715 3399 839 3483 scribi,
866 3423 1018 3492 quorum
1035 3399 1121 3467 alte-

124 3532 209 3580 rum
225 3508 349 3576 demus
365 3503 498 3574 nostris
515 3499 730 3583 tabellariis,
756 3499 907 3569 alterum
924 3499 992 3589 ipsi
1007 3494 1123 3569 Sabi-

126 3632 196 3696 no,
213 3606 368 3678 decrevit
384 3604 480 3672 cuim
496 3603 671 3695 proficisci
686 3601 725 3667 in
738 3595 974 3692 Prussiam*).
1027 3594 1122 3690 Opi-

124 3735 196 3782 uor
215 3705 498 3780 commodissime
529 3704 653 3773 ambos
675 3723 741 3769 nos
770 3701 848 3770 istic
875 3701 914 3769 in
948 3701 1122 3769 nundinis

126 3812 321 3903 scripturos
336 3830 419 3876 esse.
469 3803 561 3874 Nam
583 3828 663 3872 cum
685 3802 815 3872 erimus
839 3801 1023 3887 collocuti,
1045 3825 1122 3870 ma-

126 3916 181 4008 gis
196 3922 394 4000 congruent
408 3906 557 3979 litterae.
607 3900 687 3974 Etsi
711 3926 825 3972 meam
842 3903 1121 3973 commendatio-

124 4040 210 4087 nem
225 4008 518 4082 verecundiorem
534 4018 595 4076 tua
611 4028 683 4074 csse
698 4005 845 4076 decebit.
898 3999 1121 4096 Xenophon-

125 4133 198 4192 tem
213 4127 317 4185 tuum
333 4110 424 4199 legi,
447 4133 489 4179 ac
505 4108 708 4177 laudatione
725 4129 937 4198 magnopere
955 4107 1120 4178 delector.

124 4217 276 4291 Mallem
293 4223 411 4283 autem
429 4224 463 4280 te
476 4203 524 4280 τὰ
538 4201 709 4300 ἑλληνικὰ
727 4222 882 4292 vertere,
908 4231 1013 4301 quam
1034 4202 1121 4277 haec

125 4321 278 4391 minuta.
309 4312 402 4384 Nam
416 4305 664 4380 Pircamerica
680 4309 798 4402 qualia
815 4309 903 4392 sint,
927 4332 1001 4378 non
1018 4308 1120 4397 igno-

124 4444 196 4496 ras.
246 4414 297 4488 Et
311 4438 393 4486 vere
407 4413 513 4498 dicis,
537 4412 673 4482 nullam
690 4414 763 4480 esse
777 4406 962 4481 historiam
978 4409 1120 4479 suavius

126 4523 306 4612 scriptam.
349 4511 448 4586 Mihi
460 4538 542 4584 vero
565 4514 672 4583 ctiam
686 4535 807 4582 rerum
821 4511 1028 4600 magnitudo
1044 4511 1122 4579 val-

125 4629 172 4698 de
187 4623 295 4712 digua
310 4616 511 4707 cognitione
526 4616 680 4689 videtur.
734 4612 831 4685 Bene
845 4614 942 4699 vale,
967 4612 1026 4682 die
1042 4624 1122 4705 ter-

125 4729 178 4800 tio
192 4736 275 4819 post
288 4721 452 4791 brumam
462 4711 534 4814 11).

728 4838 823 4920 Phil.
845 4841 1022 4917 Melanth.

121 5008 353 5031 *⁸⁸*-

160 5120 195 5188 *)
213 5115 277 5172 vid.
291 5114 362 5170 hanc
375 5110 454 5191 epist.
470 5109 498 5166 d.
510 5106 537 5165 4.
549 5107 610 5163 Jan.
621 5100 697 5161 15⁴4.

159 5205 213 5277 **)
235 5203 301 5288 lion
318 5192 393 5256 auno
412 5194 504 5266 1⁵44,
528 5205 559 5250 ut
579 5194 671 5253 visum
689 5200 729 5247 est
748 5191 862 5263 editori,
893 5192 940 5248 sed
962 5210 1027 5249 aun.
1049 5190 1124 5251 1543.

195 5281 305 5355 ιῳρῑο.

709 314 1149 420 arrsrouaauu
1197 312 1303 404 utu.
1343 322 1408 404 uc
1461 308 1594 399 asra

2092 314 2170 401 254

2027 492 2168 580 16L'Decs

2031 594 2168 627 Μ

1175 493 1372 571 Νο.2817.
1454 526 1530 541 ·
1564 498 1567 505 '

1478 721 1488 733 ·
1566 661 1606 748 I.
1633 661 1783 749 Ionae.

1244 844 1316 916 †Ex
1333 842 1487 925 apographo
1506 841 1535 897 in
1550 841 1617 896 coa.
1632 841 1743 923 Monac.
1755 842 1800 896 90.
1821 842 1994 925 N⁰·.V¹¹·.P·
2010 840 2070 925 6¹4..
2089 840 2168 910 elpo-

1278 911 1397 1037 διπρὲοιι
1411 924 1492 966 elram
1505 910 1620 1036 bpbptpr
1640 929 1668 962 m
1682 910 1745 967 cod.
1757 912 1816 977 54„
1833 931 1879 985 qur
1896 923 1936 965 est
1954 931 1981 964 nr
2004 908 2168 965 bibliotheca

1311 1018 1319 1035 .
1362 999 1497 1039 enovevac
1540 1000 1583 1034 ue
1605 999 1638 1034 a.

1513 1133 1651 1209 Iusto
1677 1133 1836 1212 Ionae.

1175 1248 1294 1365 Quod
1309 1275 1513 1348 aviditatem
1529 1291 1628 1348 tuam
1644 1279 1830 1349 scribendo
1846 1303 1922 1350 non
1939 1278 2073 1370 expleo,
2093 1300 2169 1346 non

1174 1377 1216 1445 fit
1236 1380 1303 1448 filii
1322 1380 1376 1451 tui
1396 1379 1631 1470 negligentia,
1665 1381 1727 1473 qui
1749 1383 1853 1453 toties
1882 1382 2017 1472 flagitat
2036 1381 2169 1465 literas,

1174 1493 1217 1549 ut
1226 1482 1410 1573 interdum
1431 1476 1651 1552 stomachose
1666 1482 1851 1573 obiurgem
1875 1483 2169 1575 interpellantem,

1176 1584 1236 1652 sed
1253 1607 1294 1653 eo
1309 1584 1424 1653 rarius
1440 1584 1574 1668 scribo,
1598 1586 1694 1676 quod
1713 1609 1770 1670 ea,
1796 1587 1989 1680 dequibus
2011 1583 2169 1676 colloqui

1175 1686 1328 1756 solemus
1347 1709 1427 1755 cum
1442 1709 1515 1755 uua
1538 1708 1683 1771 sumus,
1707 1687 1821 1757 literis
1842 1689 2009 1757 mandare
2024 1709 2100 1755 non
2122 1684 2169 1752 li-

1175 1800 1239 1861 cet.
1272 1785 1344 1858 Res
1357 1785 1512 1857 Gallicas
1530 1787 1601 1857 scio
1618 1802 1652 1858 te
1667 1789 1758 1856 a'me
1773 1813 1847 1859 uon
1863 1790 2059 1883 requirere;
2083 1808 2170 1855 nam

1175 1883 1281 1959 isthic
1303 1889 1387 1960 satis
1408 1889 1529 1958 inllate
1548 1889 1868 1980 praedicabuntur,
1894 1907 1930 1963 et
1946 1890 2015 1960 alia
2031 1887 2169 1978 signifi·

1176 2015 1254 2060 care
1287 1992 1449 2071 mallem,
1491 2014 1580 2083 quae
1619 1991 1731 2080 magis
1763 1996 1809 2062 ad
1840 2016 1906 2062 nos
1935 1991 2167 2082 pertinerent,

1175 2116 1335 2185 quaeque
1357 2106 1391 2163 te
1413 2092 1501 2162 scire
1530 2094 1731 2184 prodesset,
1770 2090 1828 2165 ὅτι
1848 2089 1930 2167 asoti
1958 2087 2028 2163 εἰσὶ
2045 2115 2167 2186 παρα-

1176 2189 1304 2266 σκευαὶ
1312 2195 1357 2264 ad
1366 2209 1581 2266 conventum
1591 2188 1617 2288 ¹)
1636 2196 1827 2266 deduabus
1834 2198 1942 2266 rebus
1955 2192 2168 2290 praecipuis,

1176 2297 1219 2364 de
1234 2293 1391 2365 Ecclesia
1415 2298 1509 2366 etde
1530 2318 1615 2387 pace
1631 2292 1854 2371 Germaniae.
1907 2295 1979 2367 Sed
2002 2297 2046 2366 de
2067 2308 2168 2364 utra·

1175 2420 1243 2490 que
1259 2420 1297 2464 rc
1316 2397 1387 2466 scio
1409 2397 1527 2466 nullas
1549 2419 1621 2465 esse
1648 2398 1754 2468 serias
1779 2399 2063 2469 deliberationes.
2113 2391 2168 2465 De

1175 2498 1310 2568 exuviis
1324 2498 1501 2593 Lycaonis
1516 2498 1676 2568 assiduae
1695 2513 1729 2568 et
1742 2501 1866 2569 anxiae
1887 2513 1972 2570 sunt
1992 2499 2168 2568 delibera-

1174 2599 1289 2669 tiones
1304 2604 1383 2671 τῶν
1397 2592 1687 2694 νομοφυλάκων.
1717 2598 1791 2670 Nos
1814 2602 1923 2690 igitur
1948 2623 2087 2672 causam
2105 2621 2168 2666 ve-

1175 2713 1282 2769 stram
1306 2715 1341 2770 et
1355 2700 1534 2770 Ecclesiae
1555 2698 1632 2769 Deo
1661 2704 1964 2783 commendamus,
1998 2701 2061 2794 qui
2083 2699 2167 2768 satis

1175 2802 1307 2871 illustri
1331 2817 1365 2872 et
1389 2802 1548 2871 evidenti
1568 2801 1769 2872 testimonio
1785 2804 1995 2887 declaravit,
2016 2825 2054 2872 se
2074 2800 2168 2870 albei

1175 2927 1256 2972 cura
1280 2903 1412 2986 nostri,
1441 2927 1522 2974 cum
1551 2896 1744 2972 humanam
1771 2918 1935 2975 naturam
1957 2917 2100 2975 aeterua
2132 2914 2168 2971 et
2271 2959 2277 2966 .

1175 3005 1352 3073 immobili
1367 3005 1508 3073 foedere
1524 3004 1593 3074 sibi
1606 3006 1804 3095 copulavit,
1830 3007 1913 3099 quia
1927 3006 2041 3087 tilius,
2068 2999 2088 3075 d
2105 2995 2168 3074 λό-

1173 3130 1259 3204 γος,
1285 3100 1478 3174 humanam
1492 3120 1655 3175 naturam
1678 3108 1878 3212 assumpsit.
1929 3106 2028 3196 Quid
2050 3105 2168 3198 potuit
2282 3154 2288 3161 -

1175 3231 1248 3275 esse
1270 3208 1385 3276 maius
1408 3207 1539 3275 amoris
1563 3207 1620 3274 vel
1641 3208 1882 3278 testimonium
1910 3209 1968 3277 vel
1999 3231 2167 3282 ....cu-

1174 3307 1298 3378 dium?
1348 3304 1467 3377 Huius
1481 3307 1634 3377 foederis
1654 3311 1896 3381 consolatione
1918 3332 1985 3379 nos
2005 3309 2168 3378 console-

1175 3432 1252 3478 mus
1269 3422 1304 3483 et
1318 3421 1477 3480 nostram
1493 3423 1647 3499 spartam
1662 3434 1846 3498 ornemus,
1869 3436 1910 3483 ac
1931 3411 2110 3504 principes
2131 3420 2168 3479 et

1174 3511 1336 3600 politicos
1357 3507 1434 3578 Deo
1463 3512 1771 3600 commendemus,
1811 3509 1947 3607 hosque
1979 3513 2047 3602 piis
2073 3509 2167 3580 votis

1173 3612 1336 3682 iuvemus
1345 3635 1354 3697 ;
1378 3611 1527 3680 consilia
1543 3612 1640 3681 enim
1655 3637 1729 3684 non
1744 3615 1907 3691 audiunt.
1957 3611 2000 3689 B.
2017 3611 2063 3687 V.
2070 3607 2103 3708 ²)

1185 3973 1253 4047 No.
1268 3974 1383 4049 2818.

1182 4072 1395 4109 Μ

2019 3988 2076 4051 17.
2089 3979 2166 4045 Deo.

2013 4076 2151 4108 M

1534 4147 1573 4228 1.
1605 4144 1799 4230 Brentv'o.

1240 4304 1326 4377 Epist.
1341 4303 1392 4360 lib.
1406 4304 1454 4361 VI.
1468 4323 1496 4373 p.
1508 4304 1561 4362 398
1574 4326 1616 4381 sq.
1632 4339 1669 4351 —-
1692 4307 1746 4364 llic
1760 4326 1791 4361 er
1806 4305 1971 4381 autographo
1986 4306 2014 4362 in
2029 4310 2165 4366 cod.Ma·

1275 4393 1336 4430 nac.
1351 4374 1373 4428 1.
1389 4393 1431 4446 ep.
1444 4375 1505 4430 872.

1174 4506 1337 4588 Clariss.
1364 4514 1508 4585 viro-
1530 4511 1585 4588 D.
1610 4511 1828 4588 Iohanni
1850 4513 2062 4602 Brentio,
2088 4512 2169 4590 Pa·

1175 4614 1272 4688 stori
1294 4613 1485 4688 Ecclesiae
1508 4616 1549 4688 in
1578 4617 1664 4688 arbe
1686 4616 1910 4690 Salinarum
1929 4616 2167 4694 Suavicaram

1453 4781 1459 4790 .
1501 4717 1622 4791 arnico
1636 4746 1703 4791 suo
1718 4721 1847 4798 cariss.

1175 4832 1221 4926 S.
1240 4850 1286 4932 D.
1326 4853 1454 4926 Subito
1472 4849 1566 4926 hanc
1578 4852 1775 4948 Epistulam
1790 4856 1925 4949 scripsi.
1975 4853 2097 4945 Quare
2121 4871 2168 4946 te,

1176 4979 1262 5046 rogo
1279 4969 1320 5025 ut
1340 4958 1507 5028 brevitati
1521 4958 1660 5027 veniam
1682 4960 1755 5032 des.
1805 4956 1897 5027 Nam
1920 4960 2017 5051 quod
2036 4959 2081 5066 ad
2105 4984 2169 5031 cu·

1176 5058 1363 5152 piditatem
1383 5083 1499 5129 meam
1525 5060 1670 5155 attinet,
1695 5072 1787 5132 certe
1809 5074 1926 5132 tecum
1947 5074 1982 5132 et
1996 5084 2114 5132 coram
2134 5075 2169 5134 et

1212 5392 1239 5460 1)
1257 5388 1300 5442 Ad
1311 5385 1432 5442 Consilia
1445 5384 1728 5460 Spirensir‚·iueurite
1744 5406 1818 5444 anuo
1832 5389 1909 5446 154⁴.
1924 5389 2026 5448 habita·
2106 5439 2111 5447 .

1210 5478 1237 5545 Ι)
1258 5471 1327 5528 Cod.
1339 5470 1416 5527 Paris
1429 5473 1519 5528 addite
1538 5473 1565 5530 d.
1578 5473 1622 5529 16.
1635 5473 1725 5530 Dech.
1737 5474 1815 5532 1519.
