4868 6420
765 268 1196 402 nrtsronanuu
1258 325 1369 402 nra.
1404 325 1469 406 1x.
1522 322 1658 401 1545.
2152 328 2232 402 oso

288 508 413 582 Tertio
439 502 626 598 Episcopis
655 502 826 595 praecipit
851 498 948 570 Deus
974 513 1015 570 ut
1037 498 1180 569 sintin·
1230 514 1266 570 et
1296 500 1448 570 aliorum
1482 503 1702 572 sacerdotum
1730 514 1900 573 testantur
1925 522 2029 590 vagas
2057 499 2228 573 libidines

190 631 366 716 spectores
387 609 571 684 doctrinae
594 608 633 675 in
655 604 823 676 omnibus
839 600 1028 686 Ecclesiis,
1051 601 1182 695 quibus
1231 626 1306 672 non
1327 603 1470 695 punitas
1497 627 1581 677 esse.
1632 600 1687 674 Ac
1708 606 1751 674 de
1775 603 1915 675 iudiciis
1933 619 1966 674 et
1983 604 2225 674 excommuni-

190 729 379 818 praesunt,
420 727 455 783 et
476 722 602 782 curent
623 722 663 779 ut
686 722 843 800 pastores
873 705 1059 776 inferiores
1089 715 1182 772 recte
1231 705 1370 776 catione
1382 730 1465 775 mor
1479 706 1654 798 prolixius
1671 707 1857 779 dicemus..

190 829 361 904 doceant,
393 817 483 886 sicut
508 808 671 883 Christus
693 810 798 902 Petro
824 808 1010 901 praecipit:
1062 801 1117 874 El
1143 811 1182 872 tu
1334 805 1493 896 Quinto,
1519 832 1621 900 saepe
1635 809 1741 878 etiam
1757 820 1895 878 necesse
1919 819 1970 876 est
1984 805 2150 902 Synodoc
2164 830 2229 879 au.

191 943 382 1000 conversus
408 910 584 1010 confirma
603 911 751 1012 fratres
776 921 869 984 tuos.
921 908 979 980 Ad
1000 906 1092 978 banc
1108 931 1183 976 rem
1233 911 1373 981 toritate
1397 911 1516 1004 aliqua
1540 912 1579 981 in
1603 935 1674 980 una
1698 911 1847 980 dioecesi
1874 923 1935 980 aut
1961 910 2125 1001 pluribus
2140 933 2229 982 con·

192 1031 279 1104 olim
311 1022 532 1094 visitationes
560 1018 713 1100 fiebant,
745 1016 876 1108 quibus
906 1026 940 1082 et
963 1036 1059 1080 nuuc
1080 1010 1184 1079 valde
1233 1013 1362 1083 vocari.
1402 1010 1475 1083 Nec
1497 1015 1619 1103 exigua
1636 1013 1805 1105 sapientia
1823 1027 1874 1083 est
1895 1012 2097 1104 prospicere
2113 1036 2244 1109 quan·v

194 1155 284 1225 opus
299 1139 398 1197 esset.
451 1120 573 1214 ltaque
595 1120 633 1188 in
654 1118 811 1208 collegiis
824 1114 1089 1187 Canonicorum
1112 1135 1184 1181 esse
1233 1117 1280 1184 do
1296 1115 1409 1205 prosit
1426 1139 1620 1186 convocare
1646 1129 1781 1198 coetus,
1808 1129 1841 1184 et
1855 1117 2035 1207 quomodo
2053 1129 2152 1184 tanta
2171 1115 2227 1187 in-

193 1236 333 1327 aliquos
361 1223 528 1296 h0¹1e810⁵
558 1218 961 1293 eld0010⁸C³110¹¹lc⁰⁵
989 1216 1185 1308 Oportebat,
1234 1219 1420 1308 geniorum
1463 1231 1498 1288 et
1531 1219 1753 1288 voluntatum
1794 1219 1943 1287 varietas
1984 1217 2227 1305 gubernanda,

194 1337 258 1434 qui
283 1330 386 1402 certis
405 1325 624 1419 temporibus
649 1347 712 1413 per
737 1336 846 1394 totam
871 1315 1049 1415 dioecesin
1061 1315 1186 1386 Eccle-
1233 1320 1519 1403 †moderanda”
1554 1335 1587 1390 et
1622 1321 1666 1387 ad
1701 1320 1926 1389 concordiam
1962 1319 2136 1388 flectenda
2169 1320 2225 1394 sit.

181 337 257 419 686

194 1442 263 1511 sias
278 1434 434 1518 adirent,
458 1442 492 1498 et
516 1440 671 1518 pastores
693 1420 907 1493 indoctidres
920 1421 1085 1491 audirent
1099 1442 1186 1487 con-

195 1543 395 1619 cionantes,
429 1533 527 1602 etde
552 1529 672 1621 aliqua
696 1526 878 1596 doctrinae
897 1538 994 1615 parte
1016 1524 1186 1593 admone-

195 1655 287 1716 rent.
337 1634 479 1705 Horum
494 1632 651 1714 officium
671 1630 716 1698 sit
732 1629 835 1697 etiam
855 1627 992 1719 aliquos
1007 1624 1130 1694 audire
1148 1621 1185 1690 in

194 1741 347 1841 populo,
373 1736 522 1829 utquid
547 1731 721 1821 intelligat
744 1745 778 1801 et
801 1731 914 1799 discat
931 1728 1084 1820 populus
1107 1724 1186 1793 ani-

193 1841 369 1920 madverti
384 1839 504 1932 possit.
554 1832 752 1925 Explorent
772 1832 876 1902 etiam
893 1832 1023 1900 lamam
1043 1831 1086 1898 de
1108 1852 1186 1895 mo-

193 1951 295 2023 ribus
309 1957 491 2040 pastorum
505 1953 543 2008 et
557 1937 772 2008 auditorum.
806 1932 898 2002 Nam
913 1928 998 2001 hacc
1013 1933 1084 2000 duo
1103 1953 1187 2019 ope-

194 2077 236 2126 ra
249 2060 333 2121 sunt
346 2044 553 2137 praecipua,
579 2053 614 2108 et
634 2063 714 2107 vere
732 2037 854 2105 divina
877 2058 983 2126 opera
1007 2034 1082 2104 eius
1103 2034 1187 2100 fun-

195 2151 341 2229 ctionis,
369 2169 458 2240 quae
476 2145 569 2214 inter
588 2141 748 2210 omnium
766 2150 1006 2209 creaturarum
1033 2134 1188 2205 functio-

195 2280 259 2326 nes
281 2272 418 2322 summa
439 2261 473 2316 et
493 2244 643 2314 maxima
666 2255 735 2327 est,
767 2241 919 2311 retinere
945 2239 1060 2308 lucem
1084 2258 1187 2305 verae

89 2416 101 2433 ‚,
195 2355 379 2430 doctrinae
402 2351 445 2418 de
469 2345 563 2430 Deo,
589 2359 623 2415 et
643 2347 758 2414 bonos
774 2366 909 2427 mores,
935 2364 1085 2434 quarum
1101 2339 1189 2407 dua-

196 2485 277 2531 rum
300 2476 419 2525 rerum
443 2449 677 2519 maximarum
699 2447 912 2516 tuendarum
939 2466 1023 2512 cura
1040 2437 1190 2533 Episco-

195 2564 251 2656 pis
265 2555 453 2653 praecipue
469 2553 635 2620 mandata
649 2561 719 2634 est,
740 2571 815 2617 non
830 2568 1032 2617 consecrare
1049 2566 1191 2634 campa-

195 2688 260 2735 nas
276 2675 310 2732 et
326 2655 487 2751 parietes.

296 2759 377 2833 Etsi
394 2770 511 2827 autem
529 2747 699 2846 Episcopi
715 2775 812 2822 nunc
835 2761 1016 2842 utcunque
1036 2748 1192 2818 retinent

197 2862 434 2938 ceremoniam
462 2856 714 2939 ordinationis,
745 2866 864 2923 tamen
887 2851 1115 2920 manifestum
1140 2863 1191 2921 est

196 2965 476 3061 explorationem
498 2959 680 3030 doctrinae
702 2969 735 3025 et
758 2977 915 3037 murum,
937 2967 970 3022 et
994 2952 1190 3022 institutio-

196 3097 280 3142 nem
296 3063 557 3158 imperitiorum
581 3059 708 3131 omitti.
761 3054 844 3125 ldeo
869 3052 1071 3147 plenus‘est
1092 3054 1190 3123 orbis

196 3189 373 3246 terrarum
411 3163 584 3249 indoctis,
616 3161 774 3243 levibus,
808 3159 927 3249 impiis
969 3157 1188 3226 sacrificulis:

196 3273 246 3346 Et
263 3270 355 3345 hanc
369 3267 552 3356 religionis
569 3263 853 3356 profanationem
869 3260 967 3330 Deus
990 3259 1094 3349 punit
1114 3283 1191 3326 ma-

196 3377 276 3470 gnis
297 3370 450 3465 publicis
466 3367 742 3448 calamitatibus,
764 3363 869 3430 bellis
879 3416 897 3458 ,ι
911 3360 1190 3445 confusionibus,

197 3494 232 3552 et
248 3475 363 3549 ruinis
380 3493 581 3560 regnorum.
640 3465 873 3535 Manifestum
895 3477 930 3532 et
952 3458 1019 3531 hoc
1043 3473 1189 3531 estnon

196 3581 276 3651 fieri
297 3574 518 3646 visitationes
538 3567 795 3651 Ecclesiarum,
821 3579 1068 3658 praeterquam
1094 3567 1190 3657 quod

197 3704 320 3753 recens
345 3676 459 3769 aliqui
481 3670 669 3763 Episcopi,
695 3685 736 3739 ut
763 3693 880 3736 veram
909 3666 1107 3735 doctrinam
1127 3692 1190 3766 op-

197 3784 410 3876 primerent,
435 3776 480 3844 ad
498 3774 616 3867 aliqua
635 3775 711 3840 loca
729 3793 872 3838 suarum
897 3768 1110 3837 dioecesium
1134 3794 1193 3838 ac-

197 3893 387 3956 cesserunt.

299 3980 454 4071 Quarto,
480 3972 576 4045 Deus
598 3973 769 4065 praecipit
789 3966 943 4042 exerceri
967 3971 1097 4041 iudicia
1122 3968 1193 4040 Ec-

198 4084 410 4165 clesiastica,
443 4093 483 4148 ut
509 4071 639 4149 Matth.
659 4074 718 4147 18.
742 4074 996 4166 scriptumest,
1023 4087 1058 4143 et
1087 4070 1191 4145 1Ti-

1233 1420 1315 1491 Non
1339 1421 1434 1489 enim
1458 1425 1603 1513 prodest
1627 1421 1758 1491 multos
1784 1421 1963 1512 superbis,
1998 1421 2227 1507 turbulentis,

1232 1523 1470 1607 veteratoriis,
1487 1524 1642 1595 factiosis
1659 1524 1812 1613 ingeniis
1828 1524 2005 1616 praeditos
2020 1547 2123 1616 saepe
2140 1547 2227 1593 con-

1233 1649 1370 1698 vocare.
1426 1623 1476 1697 Et
1503 1640 1621 1697 tamen
1644 1626 1824 1695 interdum
1857 1626 2001 1695 dissidia
2034 1626 2228 1712 doctrinae,

1234 1743 1294 1799 aut
1309 1728 1460 1797 aliorum
1482 1728 1724 1813 communium
1740 1729 1947 1797 morborum
1964 1728 2229 1798 emendationes

1234 1830 1416 1924 postulant
1432 1830 1564 1900 multos
1588 1830 1795 1913 convocari,
1830 1844 1865 1900 et
1892 1829 2010 1922 aliqua
2046 1831 2229 1900 communi

1235 1932 1491 2004 deliberatione
1515 1933 1639 2026 quaeri
1663 1932 1837 2013 remedia,
1864 1932 1955 2002 sicut
1971 1930 2139 2025 Apostoli
2162 1931 2228 2028 sy-

1236 2037 1350 2106 nodos
1367 2034 1536 2104 salutares
1551 2030 1764 2106 habuerunt.

1337 2137 1462 2217 Sexto,
1489 2161 1569 2206 cum
1590 2134 1759 2228 Episcopi
1779 2137 1932 2206 debeant
1955 2159 2028 2206 esse
2052 2137 2229 2228 inspecto-

1237 2263 1292 2310 res
1309 2239 1509 2323 doctrinae,
1524 2239 1619 2308 inter
1631 2238 1838 2329 praecipuas
1855 2262 1974 2324 curas,
1997 2252 2031 2307 et
2045 2234 2140 2333 hanc
2157 2262 2230 2308 esse

1238 2344 1413 2435 oportuit,
1444 2342 1611 2432 perficere
1637 2354 1677 2411 ut
1699 2336 1840 2410 scholae
1863 2342 2061 2433 superiores
2084 2356 2120 2413 et
2139 2341 2231 2411 infe-

1238 2447 1349 2515 riores
1364 2457 1456 2514 recte
1471 2457 1649 2533 regantur.
1689 2441 1781 2513 Nam
1798 2439 2009 2513 Academiae
2026 2457 2111 2515 sunt
2126 2464 2231 2530 nunc,

1237 2561 1278 2619 ut
1308 2547 1395 2615 olim
1424 2546 1539 2637 prima
1560 2544 1706 2634 collegia
1730 2543 2013 2630 Canonicorum,
2047 2547 2231 2617 doctrinae

1239 2649 1419 2732 custodes,
1444 2661 1548 2718 testes
1565 2661 1601 2718 et
1617 2647 1893 2739 propagatrices,
1927 2671 2013 2742 quas
2034 2648 2232 2738 intelligere

1239 2751 1438 2822 doctrinam
1468 2747 1648 2820 Ecclesiae
1672 2751 1859 2842 integram,
1892 2765 1926 2821 et
1952 2774 2055 2821 nosse
2086 2752 2231 2823 univer-

1239 2879 1313 2924 sam
1337 2852 1602 2946 antiquitatem,
1628 2853 1820 2923 certamina
1846 2867 1880 2922 et
1901 2853 2033 2923 iudicia
2052 2849 2233 2926 Ecclesiae

1239 2969 1396 3047 oportet,
1437 2969 1471 3024 et
1495 2956 1583 3024 scire
1610 2957 1706 3023 unde
1729 2955 1929 3025 doctrinam
1949 2956 2169 3047 acceperint,
2200 2971 2233 3028 et

1239 3057 1439 3128 testimonia
1454 3081 1556 3126 verae
1581 3057 1773 3127 sententiae
1789 3060 1833 3127 ad
1852 3059 2094 3148 posteritatem
2117 3072 2232 3129 trans·

1238 3160 1395 3243 mittere,
1426 3159 1519 3229 sicut
1541 3157 1706 3228 irenaeus
1730 3160 1857 3249 allegat
1883 3160 2086 3231 testimonia
2108 3156 2233 3231 Eccle-

1238 3263 1370 3331 siarum
1398 3259 1616 3331 Graecarum
1641 3275 1674 3331 et
1696 3260 1915 3334 Latinarum.
1967 3260 2020 3333 Ac
2043 3263 2148 3332 valde
2170 3288 2232 3356 po-

1239 3365 1346 3434 stulat
1369 3364 1513 3455 publica
1536 3365 1744 3448 necessitas,
1770 3379 1810 3434 ut
1833 3388 1957 3433 omnes
1978 3367 2232 3454 gubernatores

1238 3462 1475 3535 Ecclesiastici
1506 3479 1540 3536 et
1569 3466 1723 3557 politici,
1755 3467 1888 3535 maiore
1911 3467 2096 3557 diligentia
2126 3484 2160 3540 et
2180 3492 2233 3538 se·

1239 3568 1404 3651 dulitate,
1430 3566 1580 3637 excitent
1604 3581 1639 3638 et
1662 3569 1805 3639 foveant
1830 3570 1945 3638 studia
1971 3571 2174 3654 literarum,
2200 3584 2232 3640 et

1240 3670 1464 3760 disciplinam
1498 3670 1537 3738 in
1566 3665 1697 3740 scholis
1727 3671 1882 3740 severius
1909 3673 2117 3763 astringant.
2170 3671 2234 3742 Ni-

1241 3772 1311 3840 mia
1324 3766 1376 3864 ⁴⁴)
1406 3785 1458 3841 est
1491 3772 1585 3840 euim
1616 3768 1747 3841 horum
1770 3785 1968 3863 temporum
1993 3775 2159 3858 libertas,
2198 3775 2234 3844 in

1241 3899 1311 3967 qua
1336 3873 1441 3943 multi
1462 3873 1674 3960 efferantur,
1701 3888 1737 3945 et
1760 3876 1944 3966 negligunt
1964 3877 2129 3947 exercitia
2151 3877 2236 3946 reli·

1240 3976 1375 4065 gionis,
1399 3977 1619 4066 precationes
1639 3989 1673 4046 et
1696 3977 1864 4047 lectiones
1887 4002 2011 4048 sacras.
2061 3977 2168 4049 Hanc
2187 3980 2237 4048 fe-

1242 4079 1381 4147 ritatem
1403 4078 1434 4146 si
1457 4079 1570 4148 adulti
1594 4080 1637 4148 ad
1659 4076 1834 4170 Rempub.
1849 4081 2028 4165 adferent,
2055 4094 2163 4152 erunt
2177 4084 2237 4172 pe·

198 4183 311 4260 mOlh·
328 4181 362 4258 5·
388 4180 555 4250 *Videlicet
578 4192 619 4248 Ul
640 4202 680 4246 ΒΧ
706 4173 864 4245 Ecclesia
892 4162 1096 4256 eliciantur,
1131 4175 1192 4267 qul
1241 4194 1309 4249 stes
1331 4179 1470 4269 generis
1491 4174 1658 4267 humaui,
1689 4183 1772 4274 quia
1797 4182 1873 4252 sinc
1901 4208 1982 4252 vera
2008 4185 2235 4254 invocatione

198 4293 285 4363 falsa
307 4290 453 4368 docent,
479 4279 515 4351 et
537 4281 589 4349 rei
611 4293 693 4350 sunt
706 4279 973 4348 manifestorum
990 4278 1192 4358 criminum,
1240 4278 1307 4351 Dei
1330 4282 1476 4367 vivunt,
1500 4280 1897 4372 negliguntEcclesias,
1923 4285 2012 4355 fiunt
2034 4282 2237 4378 Epicuraei,

199 4395 391 4488 quimores
405 4408 480 4455 non
496 4385 704 4460 emendant,
731 4394 765 4449 et
788 4394 827 4451 ut
849 4381 910 4449 lux
932 4405 1035 4449 verae
1060 4379 1193 4448 doctri·
1241 4397 1281 4453 ut
1297 4408 1391 4453 nunc
1408 4385 1559 4475 passim,
1583 4378 1675 4476 proh
1697 4386 1819 4465 dolor,
1842 4388 1929 4457 tales
1943 4384 2118 4481 Cyclopes
2135 4386 2238 4459 multi

199 4519 265 4565 nae
293 4504 326 4561 et
348 4486 435 4557 boui
461 4509 576 4554 mores
604 4485 836 4553 retineantur.
896 4479 993 4550 Haec
1017 4482 1149 4550 iudicia
1172 4507 1191 4549 a
1241 4487 1379 4556 suntin
1397 4486 1488 4555 aulis
1505 4487 1771 4558 etcivitatihus,

198 4596 276 4667 Deo
292 4589 448 4685 praecipi
468 4587 694 4655 manifestum
711 4598 780 4665 ost,
807 4598 840 4652 et
856 4583 963 4652 fuisse
980 4583 1019 4650 in
1033 4578 1192 4652 Ecclesia
1342 4585 1544 4660 Revocetur
1565 4612 1647 4678 ergo
1673 4590 1910 4661 adolescentia
1941 4593 1986 4661 ad
2017 4594 2237 4679 modestiam,

199 4718 335 4788 semper
351 4693 396 4761 ab
412 4689 516 4758 ῑΰῖῑῖῡ
532 4687 669 4771 mssssdb
686 4680 780 4753 nihil
796 4685 946 4764 dubium
965 4698 1027 4764 est,
1042 4688 1132 4778 quae
1150 4709 1191 4754 eo
1240 4689 1402 4759 assuefiat
1416 4691 1584 4782 exemplis
1599 4706 1633 4763 et
1650 4686 1808 4761 honestis
1822 4693 1995 4764 exercitiis
2010 4695 2055 4763 ad
2083 4695 2237 4785 agnitio-

199 4800 342 4897 quidem
353 4790 559 4881 diligentius
573 4790 763 4858 exercenda
780 4799 893 4872 erant,
909 4786 992 4879 quia
1002 4784 1191 4876 Magistra·
1240 4816 1323 4859 nem
1348 4807 1382 4861 et
1403 4792 1567 4862 timorem
1584 4791 1673 4878 Dei,
1699 4806 1734 4861 et
1756 4819 1872 4864 merae
1893 4797 2065 4867 salutares
2085 4799 2236 4868 circum-

199 4917 257 4974 tus
272 4895 415 4993 profani
437 4916 511 4962 non
529 4903 655 4960 curant
670 4888 880 4961 doctrinam.
927 4885 1068 4958 Deinde
1084 4889 1122 4957 in
1136 4889 1192 4959 di·
1240 4894 1370 4963 dentur
1400 4893 1567 4967 libertati.
1624 4894 1759 4965 Verum
1788 4899 1833 4967 ad
1866 4893 1952 4968 hacc
1976 4896 2237 4992 Episcoporurn

100 5077 107 5090 ,
199 5003 348 5095 sciplina
372 4995 589 5086 negligentes
610 5005 712 5075 sunt,
744 5014 819 5060 non
853 4990 1008 5081 puniunt
1030 4992 1191 5081 vulgares
1240 5018 1346 5087 opera
1363 4997 1484 5066 omnia
1507 5020 1597 5088 opus
1619 5011 1671 5067 est
1692 4999 1731 5066 in
1748 5000 1907 5090 qualibet
1920 5001 2075 5072 dioecesi
2101 5003 2237 5096 aliquot

198 5102 446 5182 scortationes,
478 5109 540 5166 aut
562 5094 753 5165 adulteria:
801 5089 1028 5185 Deploranda
1052 5106 1104 5163 est
1127 5118 1191 5162 au·
1239 5091 1398 5167 honestis
1420 5110 1454 5167 et
1474 5099 1587 5168 doctis
1603 5100 1690 5169 viris
1712 5114 1744 5170 et
1762 5098 1878 5171 Deum
1894 5103 2126 5190 timentibus,
2152 5128 2238 5198 qua.

197 5217 325 5281 temet
348 5197 433 5272 haec
461 5198 642 5269 calamitas
665 5193 863 5276 Ecclesiae,
905 5196 1002 5288 quod
1025 5189 1112 5264 haec
1134 5195 1191 5265 iu·
1238 5198 1290 5267 les
1319 5194 1443 5270 haberi
1464 5217 1628 5292 possent,
1661 5203 1690 5271 si
1716 5205 1895 5274 accederet
1923 5200 2011 5275 baec
2042 5206 2238 5297 diligentia,

197 5310 290 5381 dicia
314 5325 458 5400 prorsus
480 5301 526 5370 ab
541 5295 727 5391 Episcopis
749 5297 979 5385 negliguntur
1000 5309 1035 5366 et
1050 5320 1189 5365 ercom-

198 5408 392 5483 municatio
406 5406 450 5474 ad
468 5424 605 5473 caussas
620 5399 779 5493 proprias
799 5399 868 5467 sori
885 5399 1026 5491 profani
1043 5398 1190 5488 indigne

197 5527 232 5585 et
247 5513 355 5604 impie
372 5505 541 5579 translata
563 5519 625 5578 est.
677 5499 798 5584 Mores
814 5500 910 5570 enim
925 5498 1190 5573 Canonicorum
1273 5527 1318 5586 aa)
1335 5528 1445 5596 mma]
1467 5527 1530 5584 Per.
1550 5529 1634 5583 Nm,
