4868 6420
97 310 173 399 520

99 493 428 581 totamtdoctrinam
445 494 588 568 tenuius
602 518 677 567 esse
695 507 889 569 tractatam.
947 492 1018 566 Sed
1034 492 1092 564 vi·

99 600 172 670 tavi
193 597 340 666 nimiam
364 597 612 689 prolixitatem.
669 596 767 698 liene
793 599 887 683 vale.
940 593 1009 666 Die
1036 592 1092 670 16.

98 697 324 774 Novembris.

888 796 929 868 P.
949 799 1004 875 M.

107 1033 239 1047 ‘nu-¹0·—
245 1031 649 1045 “Qatnu-W

113 1183 182 1259 No.
195 1180 310 1259 8076.

104 1280 314 1313 Μ

543 1185 684 1259 mlier.
701 1186 777 1269 (boe
791 1211 882 1268 anno,
897 1200 933 1252 ut
949 1184 1094 1269 ridetur.)

642 1287 1020 1328 W

218 1399 454 1499 Gtintbcro,
487 1399 646 1489 Comici
674 1432 703 1486 a
733 1398 977 1493 Schwarzb.

190 1564 214 1635 †
232 1563 255 1618 a
273 1563 381 1622 cottas.
400 1564 602 1635 urrisanana,
618 1563 681 1620 vu.
695 1566 715 1620 t.
733 1583 760 1638 p.
774 1566 798 1620 t.

103 1715 263 1793 Illustri
274 1731 305 1792 et
318 1747 492 1818 generoso
508 1716 649 1795 Comtti
662 1747 706 1794 err
721 1719 905 1804 Domino,
926 1718 1094 1792 Domino

106 1817 366 1906 Guutheru,
401 1816 542 1895 Comici
571 1825 611 1896 irs
639 1822 891 1920 Suarizburg‚
925 1821 1095 1895 Domino

151 1925 191 1996 irs
214 1923 371 1998 Arnstat
402 1936 433 1998 et
460 1922 760 2016 Suadershusen,
791 1925 959 1998 Domino
984 1951 1072 2003 suo.

496 2027 709 2100 clementias.

106 2138 149 2231 S.
171 2155 217 2233 D.
273 2157 426 2233 lllustris
458 2175 493 2233 et
523 2186 691 2253 generose
724 2187 840 2234 comes
866 2187 906 2234 ac
939 2162 1094 2235 domine.

106 2256 253 2331 Eminet
277 2262 316 2330 in
333 2265 470 2353 magnis
484 2261 571 2334 viris
587 2267 680 2336 inter
697 2281 850 2336 caeteras
867 2266 1012 2338 virtutes
1029 2266 1094 2334 bo-

107 2363 201 2433 nitas
219 2377 253 2432 et
267 2365 504 2454 placabilitas,
528 2392 634 2460 quam
658 2368 764 2439 etiam
788 2368 826 2436 in
843 2365 967 2437 Vestra
982 2363 1096 2435 Celsi-

108 2465 232 2535 tudinc
253 2467 419 2536 excellcre
442 2469 687 2542 animadverti.
739 2467 858 2558 Quare
880 2492 1018 2538 cansam
1040 2490 1096 2535 sa-

108 2566 278 2655 cerdotis,
304 2568 374 2637 viri
400 2569 495 2641 docti
512 2569 675 2661 Magistri
691 2561 957 2664 Chrisiophori
968 2563 1096 2649 Lusii,
1129 2625 1136 2635 .

107 2671 220 2738 fretus
247 2666 407 2740 bonitate
438 2687 571 2757 vestra,
612 2675 857 2742 commendate
884 2670 1098 2743 Celsitndini

108 2771 257 2841 Vestrae
289 2795 362 2839 non
389 2773 561 2846 dubitavi.
617 2772 808 2867 Reliquam
840 2776 1035 2842 mercedem
1056 2796 1097 2841 ex

109 2871 416 2943 administratione
439 2875 621 2955 ecclesiae,
648 2871 739 2971 (cni)
756 2873 791 2969 ¹)
805 2876 974 2970 praefuit,
998 2874 1098 2967 petit.

109 2971 161 3044 Et
182 2997 278 3044 nuuc
299 2998 425 3065 magna
448 2975 568 3068 inopia
591 2977 822 3046 conflictatur.
882 2972 960 3046 Oro
979 2977 1099 3067 igitur,

111 3087 153 3145 ut
178 3076 374 3145 bonitatem
397 3091 547 3147 vestram
570 3074 751 3148 Celsitudo
767 3077 891 3150 Vestra
917 3079 955 3146 in
980 3077 1099 3146 miseri

113 3177 303 3251 sacerdotis
327 3179 523 3249 calamitate
550 3178 589 3247 in
610 3180 797 3249 consilinm
821 3175 1006 3265 adhibeat,
1035 3203 1101 3269 nec

114 3277 203 3347 iuris
225 3280 451 3350 acerbitatem
465 3294 627 3372 quaerat,
650 3283 712 3350 sed
732 3283 876 3352 lenitate
898 3278 1101 3351 moderetur

112 3375 245 3474 huic²)
263 3383 415 3472 negotio.
467 3380 526 3452 Sic
548 3383 718 3476 scriptum
741 3407 813 3452 esse
832 3383 994 3452 meminit
1009 3379 1100 3455 Cels.

116 3479 162 3554 V.
184 3477 312 3552 beatus
334 3480 401 3580 qui
421 3479 599 3578 inlelligit
619 3507 727 3581 super
747 3507 895 3578 egenum
919 3492 950 3552 et
961 3505 1100 3581 paupe-

116 3606 202 3652 rem.
259 3573 529 3683 Chrislopltoro
556 3587 672 3655 locum
694 3587 732 3654 in
753 3586 943 3657 Academia
974 3581 1104 3655 tribui-

115 3707 216 3771 mus,
247 3689 307 3755 sed
341 3689 502 3757 nondum
526 3688 656 3778 accepit
683 3688 909 3779 stipendium.
967 3684 1104 3775 luterea

105 3787 226 3878 'igitur
240 3812 281 3857 ex
296 3788 356 3857 illa
374 3790 534 3860 mercede
549 3790 666 3880 priore
680 3789 798 3858 vivere
816 3790 924 3881 cupit.
959 3785 1006 3857 Et
1021 3788 1105 3880 pro'-

115 3890 209 3959 iectu
227 3888 409 3979 ingenium
427 3904 479 3963 est
496 3892 664 3980 dignum,
685 3893 780 3985 quod
796 3892 969 3964 foveatur.
1001 3888 1106 3988 Valet

118 3992 320 4063 eruditione
338 4006 372 4062 et
387 3993 553 4062 facundia
570 4005 604 4061 et
620 3993 831 4062 atienus'en
853 4016 874 4061 a
898 3992 1002 4061 malii
1026 3990 1106 4082 opi-

118 4093 302 4168 nionibus.
362 4093 520 4163 Tantum
549 4094 645 4162 visus
674 4109 725 4163 est
753 4108 855 4163 antea
889 4093 1105 4163 iracundior.

120 4190 161 4265 ld
178 4210 271 4266 aetas
288 4191 423 4266 ethaeo
443 4209 562 4266 nostra
575 4197 692 4266 studia
706 4196 907 4279 literarum,
930 4219 1019 4288 quac
1033 4195 1109 4263 vir-

119 4309 211 4368 tutes
227 4298 295 4390 ipsi
311 4293 607 4391 mediocritatis')
623 4300 772 4377 docent,
794 4298 940 4370 lenient.
990 4293 1108 4367 Obse-

120 4423 182 4469 cro
197 4412 342 4491 propter
353 4396 487 4484 Deum,
512 4399 574 4494 qui
587 4401 782 4470 sacerdotes
796 4398 999 4490 potentibus
1012 4423 1108 4468 com-

120 4502 320 4582 mendavit,
345 4501 526 4595 inquiens:
559 4507 591 4569 et
616 4523 715 4592 reges
737 4506 841 4569 erunt
866 4497 1019 4568 nutricii
1041 4496 1109 4586 tui,

119 4616 163 4672 nt
178 4599 270 4676 Cels.
287 4600 331 4675 V.
354 4603 564 4694 prospiciat,
590 4616 630 4673 ut
651 4603 786 4695 aliquid
809 4603 914 4672 detur
938 4592 1109 4671 Christo-

116 4696 261 4799 phoro,
291 4727 401 4798 eaque
421 4704 461 4772 in
482 4728 521 4773 re
550 4704 657 4774 etiam
679 4727 795 4774 meam
823 4703 1109 4774 intercessionem

119 4889 329 4912 aa*

98 5082 100 5086 ‹
160 5004 537 5130 ''22⁰¹'e¹tt³³a‘..'³³‘¹⁰a
560 5001 794 5129 aaran
807 5001 983 5145 atat
1003 4979 1110 5126 sat

193 5093 548 5201 tais.‹l'.ir.nnii.lb'sss
597 5112 604 5127 '
675 5092 700 5126 h
785 5110 794 5126 ’
892 5092 936 5126 ¹‘
1053 5092 1111 5127 ‘¹'

158 5247 187 5314 ἵ)
206 5246 272 5316 Mst.
285 5248 352 5303 isos.
367 5263 398 5297 es
410 5263 505 5297 errore
515 5242 660 5298 scribendi.

159 5349 188 5415 3)
206 5347 253 5402 Sic
271 5346 299 5399 in
320 5344 381 5399 cod.
400 5346 498 5408 scripta
517 5354 594 5404 sunt;
618 5345 664 5397 sed
683 5340 741 5413 siue
763 5342 849 5396 dubio
866 5345 1004 5402 mendosa.
1040 5345 1111 5400 Puto

195 5427 241 5469 sut
275 5433 306 5467 ro
319 5415 519 5466 mediocritatis
534 5413 676 5480 legendum
692 5417 749 5479 essse
763 5414 954 5477 necessarios,
967 5423 1020 5467 aut
1039 5417 1111 5470 scri·

196 5435 329 5537 bentlum:
348 5499 420 5548 quoe
435 5484 549 5533 uirtutes
558 5483 613 5544 t'psi
619 5483 797 5535 memorias
809 5482 990 5536 mediocriter
1002 5488 1115 5539 dorent.

126 5560 307 5626 Metram.
324 5562 429 5624 Ocra.
443 5559 524 5622 Vos..
541 5558 582 5621 V.

700 305 1136 397 urt‘sronnnun
1183 310 1289 396 mn
1327 313 1393 398 tn
1444 297 1578 395 tate

1112 1493 1113 1496 Ὺ
1215 1541 1294 1610 ar.

1247 1627 1285 1663 ι..

2064 312 2143 390 580

1145 488 1241 581 apud
1256 484 1349 563 Cels.
1363 485 1408 560 V.
1427 490 1545 560 valere
1569 489 1702 562 sinatis.
1753 485 1867 576 Dens,
1893 481 2053 561 aeternus
2072 513 2137 582 pa-¹

1145 603 1200 660 ter
1220 589 1359 660 domini
1380 593 1501 661 nostri·
1520 589 1598 663 lesu
1622 587 1776 676 Christi,
1808 605 1924 663 servet
1945 590 2136 664 Celsitudi-

1146 715 1228 812 nem
1243 689 1417 810 Vestram.
1466 692 1534 764 Die
1548 693 1585 769 S.
1599 689 1783 766 Elisabeth
1799 692 2012 785 Turingicae
2034 693 2137 786 prin-f

1147 815 1437 887 crprspnssrmae.
2130 820 2133 827 ·

1152 1026 1323 1039 ...oum—u·-
1330 1026 1462 1048 --o—n-q·
1469 1019 2138 1045 §mmmmm—w

1146 1172 1213 1249 No.
1228 1174 1341 1255 3077.

1152 1271 1322 1303 Μ

1986 1192 2044 1254 20.
2055 1182 2134 1248 Nor.

1959 1273 2131 1306 w

1450 1372 1525 1462 Cir.
1560 1371 1844 1464 Gotdstetnio.

1311 1536 1472 1658 ppograpbis
1485 1537 1514 1592 in
1530 1537 1682 1594 robooth.
1692 1540 1750 1596 191.
1763 1560 1790 1613 p.
1796 1538 1880 1612 49¹³„
1896 1541 1960 1598 eod.
1971 1540 2132 1600 Monae'89.
2146 1542 2153 1557 “

1287 1647 1295 1663 .
1336 1608 1356 1661 Ι.
1369 1630 1395 1679 p.
1409 1607 1456 1662 lb,
1475 1620 1501 1661 et
1516 1612 1579 1663 cod.
1594 1609 1690 1662 Drssd.
1705 1613 1799 1680 (quem
1813 1612 1929 1665 contulit
1940 1611 1981 1667 Cl.
1993 1610 2134 1666 Gerstlor·

1248 1678 1316 1744 lius,
1332 1687 1359 1730 et
1372 1696 1386 1730 e
1399 1695 1455 1748 quo
1468 1676 1518 1731 sibi
1531 1676 1601 1732 hauc
1613 1679 1689 1749 epist.
1703 1679 1880 1748 descripserat
1890 1680 2017 1734 Ballenst.
2029 1682 2057 1734 in
2066 1680 2133 1747 Col7

1249 1745 1312 1799 lect.
1327 1744 1389 1797 Vol.
1402 1765 1428 1816 p.
1441 1744 1508 1814 sn).
1525 1773 1562 1786 —
1604 1744 1704 1800 Eadem
1725 1745 1823 1818 legitur
1841 1749 1921 1801 etiam
1938 1750 1967 1804 in
1987 1748 2049 1804 cod.
2063 1748 2132 1804 Vin·

1246 1813 1350 1869 doben.
1365 1815 1423 1881 ⁵8„
1441 1833 1522 1885 quem
1537 1833 1604 1869 vero
1618 1814 1742 1872 consenc
1755 1833 1812 1869 non
1826 1816 1974 1887 potuimus.

1147 1945 1371 2027 Clarissimo
1395 1955 1491 2044 viro,
1518 1951 1685 2028 doctrina
1709 1965 1741 2028 et
1765 1955 1893 2030 virtute
1912 1960 2134 2059 praestanti,

1086 2070 1089 2075 ’
1171 2056 1225 2130 Ι).
1251 2049 1480 2130 Chiiiarso
1504 2052 1777 2145 Goidstein,
1801 2058 1960 2132 Doctori
1984 2058 2107 2151 Iurr's,
2143 2140 2151 2149 ,

1547 2159 1667 2231 amico
1691 2156 1733 2237 S.

1148 2276 1203 2368 Et
1227 2298 1293 2370 tibi
1315 2311 1349 2368 et
1363 2291 1539 2366 Ecclesiae
1552 2295 1620 2368 Dei
1640 2296 1799 2388 gratulor
1818 2292 1914 2369 bunc
1935 2311 2037 2368 tuum
2053 2298 2133 2367 ani-

1148 2424 1265 2482 mum,
1289 2400 1352 2494 qui
1370 2412 1431 2468 tua
1455 2400 1696 2470 benivolentia
1710 2395 1898 2490 Evangelii
1922 2401 2144 2492 interpretes¹

1148 2501 1257 2572 tueris
1283 2514 1319 2570 et
1339 2523 1456 2571 ornas.
1504 2497 1585 2570 Etsi
1607 2503 1718 2586 enim,
1740 2514 1782 2572 ut
1803 2503 1842 2570 in
1859 2496 1925 2571 bac
1938 2502 2062 2572 ultima
2077 2525 2134 2571 se-

1148 2615 1250 2673 necta
1271 2602 1398 2673 mundi
1419 2625 1493 2671 non
1513 2625 1633 2673 sumus
1652 2625 1754 2694 pares
1775 2603 1848 2673 illis
1864 2599 2053 2700 summis¹)
2069 2605 2136 2674 do·

1149 2705 1323 2789 ctoribus,
1338 2700 1466 2786 Elim,
1489 2700 1653 2788 Elisaeo,
1676 2700 1822 2790 Esaiae,
1848 2702 1984 2791 Panlo,
2015 2720 2133 2777 tamen

1151 2820 1185 2875 et
1200 2805 1382 2894 fungimur
1395 2806 1518 2873 eodem
1528 2829 1685 2890 munere,
1699 2817 1733 2874 et
1746 2806 1960 2876 sustinemus
1978 2807 2134 2897 pericula

1149 2902 1229 3001 et¹)
1252 2906 1444 2977 certamina
1467 2907 1615 2992 similia,
1642 2930 1753 3001 eoque
1774 2907 1885 2996 magis
1907 2932 1928 2977 a
1950 2909 2054 2980 bonis
2077 2910 2136 2978 iu,

1152 3009 1259 3078 vandi
1282 3030 1422 3092 sumus,
1448 3008 1531 3100 quia
1554 3033 1650 3078 nunc
1673 3031 1800 3098 magna
1825 3022 1876 3078 est
1890 3021 2009 3080 nostra
2023 3011 2137 3080 imbe-

1152 3111 1291 3182 cillitas.
1348 3109 1457 3197 Quod
1472 3110 1579 3198 igitur
1593 3106 1617 3177 I
1619 3132 1710 3178 onae
1724 3125 1796 3179 tam
1813 3110 2006 3180 liberaliter
2020 3113 2136 3200 officia

1150 3227 1212 3283 tua
1228 3207 1444 3304 desers'}in
1469 3212 1633 3301 epistola,
1658 3235 1767 3306 quam
1787 3207 1878 3280 mibi
1894 3214 2051 3303 proxime
2065 3215 2136 3282 mi·

1153 3312 1247 3396 sisti,
1271 3312 1417 3401 gratiam
1435 3313 1500 3382 tibi
1516 3309 1650 3397 babeo,
1675 3337 1715 3382 ac
1730 3311 1846 3383 Deum
1860 3312 2007 3406 precor,
2024 3328 2066 3385 ut
2082 3315 2138 3383 vi-

1153 3415 1268 3485 cissim
1283 3408 1476 3482 Ecclesiam
1492 3428 1588 3485 tuam
1605 3415 1830 3485 domesticam
1844 3430 1956 3486 servet
1978 3413 2061 3511 ae⁴)
2083 3442 2140 3486 re-

1154 3528 1223 3606 gat.
1271 3513 1469 3605 Epistulam
1485 3541 1568 3586 vero
1583 3517 1682 3585 illam
1697 3512 1815 3584 Ionae
1830 3518 1978 3603 tradidi,
2001 3533 2042 3587 ut
2060 3520 2139 3589 tau'-

1156 3640 1261 3710 quam
1282 3611 1521 3710 syngraphum
1541 3632 1621 3688 tuae
1640 3618 1833 3688 voluntatis
1855 3618 2043 3705 retineret,
2076 3617 2140 3712 qui

1158 3718 1301 3813 quidem
1326 3742 1406 3786 cum
1427 3733 1600 3804 narraret,
1634 3739 1670 3785 se
1690 3731 1769 3812 alte
1790 3733 1950 3790 amanter
1967 3716 2033 3792 hoc
2049 3734 2142 3791 tem-

1156 3841 1242 3913 pore
1262 3819 1422 3888 adiutum
1444 3843 1534 3907 esse,
1552 3843 1770 3910 *magnopere
1790 3833 1825 3889 et
1845 3813 1912 3890 bac
1927 3846 2141 3892 commemo-

1157 3922 1314 4004 ratione,
1338 3943 1427 4012 qnae
1450 3934 1524 3990 erat
1543 3922 1582 3990 in
1603 3922 1732 4003 literis,
1764 3922 2013 3998 delectabatur.
2063 3920 2143 3994 Etsi

1158 4037 1272 4092 autem
1306 4019 1492 4091 consilium
1522 4037 1678 4093 vestrum
1708 4047 1782 4093 non
1807 4019 2045 4116 reprebendo,
2079 4027 2155 4120 qui·

1159 4125 1236 4194 istic
1257 4126 1361 4194 ambo
1383 4124 1502 4194 vivere
1521 4123 1715 4211 maluistis,
1741 4150 1850 4218 quum
1871 4125 1911 4196 iu
1935 4123 2003 4198 hoc
2019 4141 2142 4199 nostro

1161 4251 1259 4311 rure,
1287 4237 1321 4294 et
1346 4225 1449 4295 video
1474 4223 1652 4296 Ecclesiae
1674 4240 1707 4298 ct
1732 4226 1946 4318 reipublicae
1971 4230 2077 4300 etiam
2104 4231 2144 4300 in

1161 4329 1239 4396 aliis
1262 4327 1349 4396 locis
1369 4350 1459 4418 opus
1480 4351 1552 4396 esse
1567 4329 1672 4397 bonis
1689 4329 2002 4418 gubernatoribus,
2018 4345 2144 4402 tamen

1161 4426 1247 4498 baec
1267 4429 1429 4515 migratio
1445 4423 1563 4498 Ionae
1578 4430 1736 4499 dolorem
1760 4425 1850 4499 mihi
1865 4428 1949 4527 ac⁸)
1974 4433 2146 4504 sollicitu-
2167 4510 2170 4514 Α

1161 4533 1281 4600 dinem
1291 4531 1392 4600 allert
1400 4523 1449 4625 ¹¹).
1475 4531 1603 4617 Multa,
1617 4532 1647 4600 si
1656 4533 1800 4618 adesset,
1811 4532 1985 4604 leniturus
1996 4528 2148 4630 (καθ’),

1199 4839 1225 4908 1)
1245 4839 1312 4895 (lod.
1326 4841 1425 4896 Dresd.
1436 4857 1524 4908 pares
1540 4841 1638 4910 donas,
1660 4841 1793 4904 summise
1811 4838 1874 4896 cot.
1889 4837 2001 4897 Monac.
2012 4856 2101 4907 pares
2111 4842 2148 4894 tt·

1232 4913 1269 4962 lis
1280 4912 1375 4978 donis,
1393 4911 1515 4964 summis
1528 4909 1593 4968 tttr's.

1197 4992 1226 5058 ί)
1246 4993 1314 5050 cod.
1329 4994 1425 5050 Dresd.
1437 5013 1480 5049 tre.

1198 5080 1226 5148 8)
1245 5081 1380 5148 desereire
1396 5082 1459 5137 cod.
1474 5080 1572 5138 Dresd.
1585 5089 1613 5135 et
1623 5080 1737 5138 Monac·
1755 5089 1816 5153 post
1828 5081 1937 5136 miss'sts'.

1196 5162 1225 5226 4)
1243 5163 1312 5217 Cod.
1325 5164 1422 5219 Dresd.
1437 5174 1474 5220 st.

1198 5245 1228 5307 5)
1248 5245 1316 5302 cod.
1330 5246 1427 5301 Dresd.
1443 5258 1480 5303 et.
1559 5291 1563 5301 .

1197 5331 1227 5401 ¹¹¹)
1247 5331 1326 5386 lonas
1343 5344 1369 5386 et
1390 5331 1528 5389 Cbilisuus
1547 5333 1574 5392 d.
1590 5335 1630 5391 tt.
1645 5331 1709 5390 Oct.
1720 5333 1816 5390 Helen
1829 5348 1885 5390 esse
1896 5336 2082 5406 uutulersnt,
2102 5356 2150 5392 re·

1233 5400 1295 5456 licta
1309 5400 1485 5473 Witebergs.

1198 5480 1246 5554 **)
1264 5486 1382 5554 Respicit
1395 5486 1428 5541 sd
1442 5485 1598 5542 Lutberunr.

1300 5561 1350 5633 84
