4868 6420
69 325 120 406 ao
397 427 400 431 Α
650 312 1088 395 uersronaauru
1142 311 1538 399 ntu.1x.1sss.
1791 263 1796 273 ’
2063 335 2114 411 70

74 487 325 583 conspicimus.
364 481 413 561 Et
426 485 571 582 quidem
584 484 704 557 ferunt
719 483 907 577 scriptores
922 498 1068 568 veteres,
1119 482 1271 571 multos,
1295 482 1358 580 qui
1372 483 1512 557 labores
1526 480 1732 579 praesertim
1754 482 1981 566 scholasticos
2000 517 2109 591 appe.

74 589 260 667 Christum
277 589 480 662 crucifixum
495 611 568 658 esse
580 588 638 657 die
653 583 715 663 25.
724 584 861 673 Martii,
885 611 956 681 quo
970 607 1068 656 crea·
1119 597 1207 661 tant.

76 706 206 767 tumet
221 687 340 762 Adam
354 703 389 761 et
397 686 580 761 Christum
594 701 802 782 conceptum
818 710 892 759 csse
905 687 1067 760 traditur.
1221 699 1435 791 neumam,
1458 714 1550 777 utet
1565 703 1820 798 rempublicam
1835 720 1986 782 metram
2000 727 2034 787 et
2050 740 2108 789 cc-

180 807 299 879 Hodie
317 800 376 876 hic
394 829 510 876 annus
536 803 690 876 celebrat
721 802 989 875 resurrectionis
1015 802 1069 870 fe-
1120 804 1241 875 clesias
1260 817 1391 875 vestras
1415 818 1449 875 ct
1468 817 1521 892 te,
1560 829 1667 900 quem
1692 830 1770 877 non
1792 809 1918 883 dubito
1943 816 2107 890 ecclesiae

76 924 183 984 num.
233 905 288 980 Ac
304 921 462 1000 tempora
477 928 544 975 nos
557 907 601 1000 de
614 900 722 977 huius
736 905 937 987 admirandi
959 905 1070 974 bene·
1119 903 1188 977 Dei
1206 900 1390 978 κοινωνὸν
1410 928 1502 993 esse,
1541 922 1655 980 servet
1677 931 1718 980 ac
1741 921 1849 1000 regat.
1898 909 1996 987 Bene
2018 922 2107 998 vale.

77 1013 150 1084 licii
163 1008 408 1101 magnitudine
422 1009 648 1083 admoneant.
685 1003 932 1098 Adiungamus
946 1017 1069 1075 nostra
1119 1007 1295 1082 Postridie
1309 1004 1482 1087 Passalos.

77 1127 162 1187 vota
191 1124 225 1182 et
251 1124 383 1201 gratam
406 1108 703 1200 praedicationem
727 1108 771 1179 ad
794 1108 954 1179 omnium
977 1120 1068 1178 tem·
1630 1104 1819 1205 Philippus
1834 1111 2060 1190 Melanthon,

75 1237 208 1308 porum
222 1208 428 1290 Ecclesiam,
454 1210 527 1281 imo
541 1210 587 1281 ad
601 1221 758 1296 coetum,
783 1209 847 1302 qui
861 1209 933 1279 iam
948 1231 1068 1279 coram
1102 1199 1107 1214 ⁸

77 1316 153 1406 agit
165 1315 293 1404 gratim
311 1313 384 1381 lilio
399 1309 468 1381 Dei
491 1311 532 1380 in
553 1311 671 1384 coelo.
696 1324 731 1382 et
752 1310 923 1381 modestia
947 1323 1067 1380 nostra
1129 1332 2105 1381 --··-·τ·-···-·--·----------

77 1416 324 1497 ostendamus,
348 1435 415 1483 nos
430 1411 523 1487 affici
538 1413 645 1484 rebus
665 1411 792 1499 tantis,
817 1425 851 1483 et
874 1412 1006 1482 versari
1028 1411 1068 1482 iu
1709 1396 1715 1409 ⁸
2204 1401 2213 1411 ⁴

75 1541 200 1591 earum
215 1514 454 1589 meditatione.
1122 1575 1329 1608 m
1932 1588 2103 1626 *on-
2164 1609 2167 1614 .

181 1632 396 1705 Mandemus
410 1631 536 1717 etiam,
562 1643 604 1704 ut
617 1655 693 1702 cras
716 1630 847 1722 singuli
870 1625 1070 1701 scholastici
1432 1659 1536 1753 Vita
1569 1665 1791 1755 modom

77 1736 231 1810 offerant
243 1757 305 1805 sua
327 1757 474 1805 munera
496 1734 541 1803 ad
563 1757 679 1820 aram,
703 1746 746 1804 ut
768 1731 946 1821 declarent
965 1755 1068 1804 suurn
1791 1729 1803 1755 ⁶

78 1837 238 1910 studium
259 1857 342 1924 erga
368 1835 550 1905 ministros
564 1830 764 1923 Evangelii.
814 1831 953 1904 Videtis
972 1857 1071 1927 quae
1190 1841 1276 1917 Epist.
1290 1840 1339 1901 tit.
1350 1840 1401 1900 tv.
1418 1859 1447 1916 p.
1458 1841 1509 1897 175
1523 1861 1565 1918 eq.

79 1940 153 2012 siut
167 1936 346 2029 tempora!
382 1934 585 2026 Cogitemus
600 1959 766 2026 magnum
779 1931 848 2005 Dei
860 1934 1071 2005 beneficium
1472 1999 1480 2018 .
1633 2018 1638 2024 ,

79 2038 234 2125 esse,⁰in
253 2062 337 2130 pace
350 2037 541 2107 convenire
561 2036 638 2129 pios
650 2051 769 2108 coetus
791 2037 837 2107 ad
855 2036 1069 2107 audiendam
1414 1993 1529 2079 V¹l⁰
1554 1989 1814 2077 mmmm

78 2139 266 2230 Evangelii
282 2163 416 2213 vocem.
453 2136 619 2226 Quantus
633 2138 749 2209 luctus
766 2151 817 2208 est
828 2138 980 2228 piorum,
1005 2136 1071 2208 ubi
1122 2110 1241 2229 Quod
1254 2133 1408 2206 faustum
1425 2147 1460 2207 et
1479 2134 1563 2206 felix
1582 2136 1647 2225 sit,
1671 2135 1798 2215 Cariss.
1813 2133 1861 2217 V
1855 2139 1919 2229 ite,
1942 2147 2042 2219 venit
2064 2152 2110 2221 ad

79 2242 234 2315 Turrica
257 2265 354 2311 arma
374 2239 574 2332 impediunt
596 2261 820 2328 congressus,
852 2238 1071 2324 concionem,
1122 2259 1185 2307 vos
1211 2228 1427 2306 Ioachimos
1457 2239 1751 2335 λευκοπετραῖος,
1787 2243 1888 2314 cuius
1916 2245 2111 2338 ingenium,

80 2341 332 2435 disciplinam?
380 2339 500 2430 Quare
512 2352 553 2410 ut
566 2341 630 2410 diu
651 2340 757 2410 nobis
780 2342 948 2412 concedat
969 2352 1070 2410 tran·
1122 2338 1377 2423 eruditionem,
1403 2351 1438 2410 et
1452 2340 1659 2409 modestiam
1674 2364 1747 2411 non
1762 2342 1887 2415 dubito
1901 2372 1964 2417 vos
1979 2353 2110 2440 proba-

80 2445 294 2541 quillitatem
310 2440 427 2529 Deus,
450 2444 643 2511 reseramus
663 2463 738 2510 eam
759 2443 804 2512 ad
825 2440 975 2531 gloriam
990 2437 1070 2525 Dei,
1122 2452 1220 2511 turos
1234 2461 1320 2512 esse.
1370 2433 1530 2512 Aetatem
1546 2440 1704 2511 fortassis
1720 2445 1907 2537 requiretis
1927 2451 2109 2531 maiorem.

79 2570 155 2619 non
169 2546 359 2615 abutamur
374 2567 424 2618 ea.
473 2539 528 2613 Ac
543 2543 588 2611 de
604 2536 733 2613 scholis
746 2543 890 2636 quidem
903 2537 972 2613 hoc
988 2563 1069 2610 vere
1121 2539 1193 2614 Sed
1224 2540 1330 2611 sarcit
1358 2534 1445 2624 hoc,
1487 2542 1584 2635 quod
1607 2542 1829 2633 desideratis,
1867 2551 2111 2625 moderatione

80 2650 150 2720 dici
173 2658 304 2739 potest,
334 2643 512 2739 singulare
532 2640 600 2712 Dei
622 2643 832 2714 beneficium
854 2665 947 2728 esse,
972 2642 1069 2736 quod
1120 2665 1275 2712 morum.
1325 2638 1384 2711 Tu
1399 2642 1505 2713 etiam
1518 2665 1616 2732 reges
1635 2644 1710 2715 eius
1729 2648 1887 2722 consilia.
1937 2649 1987 2723 Et
2008 2668 2048 2725 ιιι
2069 2656 2108 2726 iu

79 2748 335 2842 aliquantisper
349 2746 389 2813 in
405 2742 598 2814 Germania
611 2746 785 2837 quaedam
798 2744 982 2815 literarum
1003 2746 1070 2814 do-
1122 2741 1259 2814 Graeco
1278 2739 1473 2811 Proverbio
1494 2743 1625 2812 dicitur
1646 2738 1749 2826 πόλις
1776 2743 1898 2845 ἄνδρα
1930 2746 2109 2843 διδάσκει,

78 2851 211 2920 micilia
232 2846 425 2938 tranquilla
449 2847 613 2930 fuerunt,
653 2869 805 2938 quorum
828 2845 1070 2938 tranquillitas
1120 2844 1233 2914 multa
1248 2866 1330 2936 eum
1344 2841 1419 2934 ipse
1434 2839 1542 2913 Urbis
1558 2856 1694 2915 vestrae
1708 2864 1914 2940 conspectus
1937 2858 2109 2933 monebit.

79 2966 121 3023 ut
142 2952 189 3021 sit
218 2949 407 3031 diuturna,
446 2947 549 3042 iaciat
577 2946 671 3016 lilius
693 2944 762 3016 Dei
786 2969 870 3016 suae
891 2942 1069 3016 Ecclesiae
1120 2943 1259 3016 Vellem
1278 2943 1459 3037 equidem,
1489 2967 1569 3014 eum
1594 2968 1669 3016 esse
1692 2949 1938 3028 excitatiorem.
1977 2955 2049 3028 Sed
2071 2960 2109 3030 id

78 3067 198 3125 cmpos
213 3062 248 3121 ep
264 3048 464 3122 defensor,.
489 3044 611 3117 Pridie
625 3044 800 3122 Pascatos,
831 3043 941 3119 Anno
960 3045 1069 3120 1643.
1122 3070 1263 3141 quoque
1279 3068 1354 3130 res,
1377 3057 1532 3135 tempus,
1557 3043 1652 3118 Urbs
1676 3054 1891 3122 consuetudo
1914 3057 2110 3130 amicorum

1121 3148 1292 3220 adferent.
1334 3145 1389 3217 De
1404 3145 1548 3216 caeteris
1560 3148 1666 3217 rebus
1681 3162 1763 3220 ante
1778 3153 1960 3227 octiduum
1975 3160 2109 3254 scripsi,

1123 3272 1162 3319 ac
1185 3262 1264 3320 tuas
1286 3246 1356 3317 iam
1381 3247 1501 3316 literas
1529 3259 1685 3340 expecto.
1740 3248 1847 3323 Hunc
1874 3251 2110 3332 Inachimum

74 3384 145 3459 No·
165 3377 277 3457 2555,
491 3356 494 3361 ’
895 3393 952 3455 25,
972 3383 1062 3455 Mam
1122 3349 1190 3421 tibi
1206 3349 1433 3432 commendo,
1459 3348 1489 3417 si
1504 3372 1574 3441 qua
1590 3349 1657 3420 erit
1671 3352 1806 3423 occasio
1821 3355 1865 3424 de
1890 3380 2009 3431 mensa
2033 3365 2109 3434 eius

80 3478 257 3512 Μ
913 3474 1052 3503 Μ
1123 3449 1331 3543 cogitabitis.
1380 3445 1471 3516 Nam
1487 3448 1630 3538 ignarus
1648 3449 1756 3522 Urbis
1771 3468 1906 3527 vestrae
1928 3476 2021 3533 certe
2045 3459 2110 3534 ha-

352 3554 408 3638 Η,
437 3550 799 3666 Baumgartnerp⁸
1123 3553 1183 3622 bet
1207 3574 1297 3642 opus
1319 3544 1484 3644 προξένῳ
1507 3551 1639 3644 aliquo.
1695 3549 1746 3624 Et
1776 3569 1812 3626 tc
1838 3561 2014 3651 suscipere
2043 3567 2111 3634 ali-

1123 3676 1229 3747 quam
1249 3651 1445 3720 molestiam
1467 3650 1505 3719 iu
1527 3646 1596 3723 hoc
1619 3674 1761 3741 genere,
1793 3657 1833 3727 in
1855 3659 2021 3735 iuvandis
2035 3679 2111 3741 stu-

1123 3753 1232 3824 diosis
1246 3766 1405 3844 tempora
1421 3765 1568 3841 cogunt,
1592 3767 1633 3823 ut
1646 3752 1757 3825 vides.

71 3256 155 3274 m

146 3740 169 3804 †
184 3734 224 3790 Es
235 3731 391 3806 apographo
406 3730 593 3788 Melanlbouis
606 3731 636 3786 iu
650 3732 712 3788 cod·
727 3732 840 3790 Monac.
854 3732 876 3787 l.
893 3751 922 3805 p.
933 3696 1004 3791 27ss

63 3887 241 3985 claris„
265 3899 298 3963 et
326 3888 464 3989 optimo
498 3886 594 3969 viro,
634 3885 690 3962 D.
717 3887 907 3960 Hieron.
935 3886 1072 3962 Bom-
1223 3885 1404 3957 Tueamur
1425 3880 1489 3956 has
1511 3885 1697 3959 literarum
1723 3889 1908 3984 reliquias,
1938 3911 2111 3988 quantum

75 4004 322 4092 garira-ero,
354 3989 530 4065 senatori
553 3984 839 4083 Noribargeasi,
869 3989 1071 4063 amicosne
1122 3984 1219 4060 Deus
1235 3987 1405 4057 concedit.
1454 3985 1573 4057 Hodie
1596 4015 1675 4060 cum
1696 3990 1800 4063 lectio
1817 3990 2029 4085 Evangelica
2055 4024 2110 4072 rc-

511 4090 639 4164 cart'sS.
1123 4089 1305 4171 citaretur,
1329 4089 1428 4158 uenit
1446 4085 1535 4157 mihi
1552 4091 1590 4158 iu
1605 4105 1758 4162 mentem
1787 4110 1984 4186 postremae
2001 4100 2111 4173 Sene-

1123 4203 1197 4260 ctae
1210 4189 1353 4276 mundi;
1380 4213 1460 4258 cum
1477 4190 1602 4260 dicunt
1617 4194 1688 4261 duo
1712 4193 1883 4280 viatores,
1913 4198 2023 4269 Mane
2043 4227 2110 4271 no-

1122 4290 1278 4375 biscum,
1310 4287 1484 4374 Domine,
1518 4291 1601 4383 quia
1634 4292 1710 4383 dies
1745 4294 1947 4372 inclinatur.
2005 4300 2109 4374 Nunc

1122 4414 1199 4460 eam
1223 4413 1344 4460 vocem
1368 4402 1469 4462 sonat
1493 4386 1667 4476 Ecclesia,
1704 4397 1869 4468 tenebrae
1889 4401 2108 4492 impendent,

1121 4492 1310 4562 clamemus
1325 4491 1451 4580 igitur,
1476 4516 1580 4564 mane
1596 4493 1779 4566 nobiscum
1790 4494 1934 4591 gpiure,
1958 4515 1992 4572 et
2005 4527 2106 4577 serva
2139 4487 2143 4493 ⁸

1119 4593 1298 4688 reliquias.
1347 4588 1396 4662 Et
1411 4586 1497 4663 haec
1512 4609 1683 4684 geruntur
1703 4597 1743 4667 in
1766 4598 1863 4680 vico,
1889 4603 1951 4696 qui
1974 4628 2106 4678 nomen

1119 4690 1226 4767 babet
1255 4692 1422 4785 apopuli
1446 4719 1543 4781 arce,
1583 4697 1621 4765 id
1649 4700 1762 4771 estin
1782 4696 1950 4779 Ecclesia.
2008 4703 2105 4779 Bene

1118 4798 1207 4874 vale.
1256 4795 1431 4866 Postridie
1442 4791 1642 4870 Paschatos.

73 4212 123 4303 S.
149 4226 196 4303 l).
244 4227 427 4299 Proximas
441 4224 562 4296 literas
581 4226 663 4296 dedi
686 4222 913 4310 scholastico,
943 4229 1006 4320 qui
1030 4228 1069 4297 in

74 4332 210 4425 pppido
225 4331 380 4424 quodam
393 4340 510 4401 vestro
525 4342 630 4398 natus
651 4340 720 4413 est,
745 4351 832 4420 quas
855 4327 944 4397 scire
965 4330 1069 4420 cupio

75 4458 124 4506 an
148 4430 332 4521 acceperis.
390 4425 494 4499 Nunc
514 4428 583 4499 tibi
604 4431 813 4499 commendo
834 4422 1069 4498 Ioachimum

75 4531 363 4627 lsvxouerpoiov
380 4520 439 4624 ‘),
471 4530 671 4599 modestum
700 4542 735 4600 et
764 4530 942 4599 eruditum
969 4533 1069 4601 iuve-

75 4660 173 4709 nem.
231 4631 313 4706 Scio
344 4652 408 4700 vos
441 4653 561 4700 mores
587 4644 623 4702 et
650 4631 834 4720 ingenium
856 4632 1067 4724 probaturos

75 4756 172 4825 essc3
197 4736 258 4805 sed
275 4744 424 4809 aetatem
438 4732 610 4802 maiorem
624 4732 770 4801 sortasse
786 4731 908 4802 civitas
931 4733 1068 4804 deside-

74 4838 183 4911 rabit.
232 4833 322 4914 Sed,
347 4828 572 4914 mihicrede,
599 4832 704 4903 sarcit
719 4833 755 4902 id
771 4834 865 4925 quod
887 4835 1068 4925 requiritis

70 4939 242 5031 gravitate
258 4949 294 5007 et
306 4933 549 5006 moderatione
563 4933 686 5007 animi.
736 4928 830 5002 Ante
845 4956 965 5004 annos
981 4935 1067 5005 aoi—
1456 4957 1457 4960 ¹
1625 4925 1813 5025 Philippus
1828 4931 2054 5018 Melanthou.

72 5032 349 5136 mumquegsn't
366 5029 726 5133 curamqucririlcm.
777 5032 829 5105 lta
854 5037 959 5105 multi
982 5062 1066 5109 evo-
1793 5026 1800 5057 ⁵
2101 5056 2104 5063 ’

73 5157 258 5215 canturex
273 5132 413 5224 schola,
437 5152 565 5211 utnon
587 5131 780 5207 babeamus
806 5137 955 5227 grandes
978 5154 1064 5212 natu

71 5306 289 5329 ’,με

105 5393 139 5463 *)
158 5395 215 5450 te.
228 5410 258 5448 ea
273 5391 376 5464 oppido
390 5388 585 5447 Weissenl'els.
626 5386 690 5445 lid.
707 5388 741 5445 dc
761 5407 794 5446 eo
814 5408 856 5464 ep.
875 5391 912 5446 ad
925 5391 1061 5451 Tbcodor.

139 5464 167 5519 d.
181 5462 225 5521 ts
237 5459 321 5517 Mart.
337 5470 365 5516 et
375 5459 404 5517 d.
414 5458 460 5514 26.
472 5457 555 5515 tun.

1120 1476 1314 1552 Nolanum
1945 1503 2004 1566 26.
2020 1496 2108 1565 Mare
2231 1529 2233 1532 ·
