4868 6420
294 303 345 381 99
875 302 1311 384 EPISTOLARUM
1368 302 1576 384 Lllle.
1629 302 1762 405 1648.
1848 322 1851 327 ·
2259 298 2335 375 100

297 476 469 554 Difficiles
486 479 604 550 aditus
618 474 725 551 habet
741 465 810 550 hoc
824 480 916 550 vitae
932 478 1206 574 genus-inqmd
1230 476 1289 550 in·
1342 476 1457 550 diunt.
1517 473 1646 548 Gallus
1668 473 1842 569 impedire
1863 480 1916 547 tot
1941 474 2011 544 lam
2033 493 2146 542 annos
2168 469 2338 559 omnibup

299 586 446 673 gressus
461 605 506 652 es.
565 580 637 652 Sed
658 596 817 674 tempore
842 590 948 653 erunt
970 583 1132 654 faciliora
1145 582 1290 667 omma,
1342 574 1516 650 machinis
1531 592 1700 661 conatur,
1732 577 1797 671 qui
1813 576 1967 651 alicniaa.
1982 573 2172 645 animo'es‘t
2186 570 2341 643 anubin.

300 709 416 777 neque
441 685 535 752 enim
560 685 743 754 defuturus
765 699 818 754 cst
838 682 935 755 Deus
958 680 1106 756 bonesto
1130 686 1289 755 consilio.
1342 675 1482 753 Omitto
1499 679 1569 751 alia
1584 681 1714 765 multa,
1745 702 1837 773 quae
1851 678 1919 749 tibi
1934 677 2058 751 nutias.
2079 688 2173 747 sunt.
2238 671 2355 745 Bene

303 785 421 860 Audio
441 787 528 854 istuc
543 787 663 855 venire
677 777 903 855 Commium
923 799 957 855 et
972 787 1212 857 conditionem
1229 810 1290 855 ve-
1342 783 1433 859 vate.
1484 778 1653 859 Gottbae.
1679 782 1738 852 die
1753 777 1913 872 Georgii.
1965 772 2224 849 AnnoXLlll.
2329 810 2332 817 ·

302 888 393 960 nari.
452 887 544 974 Ages
566 912 646 956 cum
672 885 713 960 D.
737 885 782 961 D.
807 882 1037 981 Augustino,
1074 903 1133 974 ut,
1168 885 1290 981 siqua
1471 886 1475 893 ’
1908 878 2095 972 Philippus
2111 869 2290 989 Melantl't·
2328 918 2331 927 ·

302 990 406 1069 nobis
423 989 627 1057 absentibus
641 991 715 1059 eius
730 991 783 1058 rei
797 992 929 1060 mentio
940 991 1156 1076 laetaluerit,
1172 1003 1291 1061 osten·
1618 990 1621 995 ’
1796 1038 1801 1049 ·
2249 1016 2252 1023 ·
2329 1004 2333 1013 “

302 1092 363 1160 dat
383 1091 435 1159 tui
460 1090 633 1160 rationem
655 1085 856 1160 habendam
879 1116 952 1162 esse
973 1093 1101 1183 potius.
1151 1088 1291 1162 Amabo
1376 1116 1379 1125 ·

303 1205 355 1277 te,
379 1191 426 1260 sis
440 1193 536 1262 bono
549 1193 685 1274 auimo,
712 1217 778 1263 nos
795 1211 967 1287 quantum
984 1194 1178 1286 poterimus
1190 1193 1293 1264 dabi-
1345 1231 1412 1304 No·
1427 1231 1540 1305 2593·
2193 1234 2229 1301 5·
2242 1228 2332 1297 M

302 1318 382 1364 mus
398 1319 559 1384 operam,
591 1308 631 1364 ut
647 1295 823 1387 intelligas
839 1320 904 1366 nos
919 1295 984 1366 tibi
1001 1298 1178 1365 exanimo
1204 1297 1293 1373 bene
1352 1330 1524 1360 w„
2171 1318 2345 1351 »ον-ν

303 1396 467 1468 voluisse.
519 1396 677 1466 Mittitur
691 1396 781 1467 istuc
799 1422 896 1468 meus
910 1399 1034 1481 frater,
1059 1398 1121 1490 qui
1138 1423 1215 1466 cum
1232 1422 1292 1465 ve·
1730 1396 1950 1486 Knutelio,
2088 1391 2092 1398 ’

303 1499 399 1575 perit
413 1500 602 1589 recipiatur
618 1499 656 1569 in
672 1524 768 1583 meas
783 1502 897 1574 aedes.
949 1497 1026 1569 Huc
1042 1493 1247 1569 Fruurisco
1261 1513 1293 1579 te

303 1600 410 1669 velim
429 1599 596 1675 indicare.
647 1599 692 1677 D.
706 1600 750 1676 D.
769 1598 976 1695 Augustino
992 1602 1182 1693 plurimam
1199 1603 1295 1670 salu-

303 1715 375 1773 tem
390 1701 447 1771 dic
465 1705 551 1773 meis
568 1703 702 1791 verbis,
731 1703 816 1774 Vale
833 1728 874 1775 ex
890 1699 1037 1778 Gottba.

1417 1546 1501 1651 Epist.
1516 1533 1561 1701 lilb.
1574 1579 1780 1703 Ἧὲιέῑθῧη.
1797 1606 1834 1622 ··
1869 1577 1921 1633 ttie
1934 1570 2344 1646 erauwgrapboineodssu·
2411 1582 2414 1586 ’

1451 1669 1512 1705 nac.
1539 1668 1596 1723 .p.
1659 1687 1668 1704 .

1350 1802 1518 1902 Egregia
1543 1803 1671 1876 virtute
1695 1812 1727 1875 et
1751 1797 1921 1874 doctrina
1949 1798 2137 1897 praedito,
2174 1795 2346 1873 Domino

1351 1904 1587 1982 Guilelmo
1606 1900 1795 1977 Franco
1819 1898 1964 2003 [Guil.
1983 1898 2256 2000 Karistia]
2275 1898 2348 1973 Se·

303 2057 371 2132 No,
388 2058 498 2133 2692,
906 2072 964 2133 23·
982 2061 1082 2144 Apffi·
1127 2060 1274 2146 Gaba.)
1351 1997 1508 2082 craterio
1524 2003 1711 2106 Principis
1723 2002 1975 2088 Nassarasb.
2001 2003 2200 2077 amicosne
2214 2002 2347 2083 carias.

310 2154 481 2185 Μ
903 2162 1284 2197 '‘V-*w
1351 2124 1396 2215 S·
1421 2144 1467 2221 D.
1519 2144 1625 2237 Quod
1647 2146 1801 2215 faustum
1818 2157 1853 2213 et
1868 2143 1951 2212 selix
1967 2143 2030 2228 sit,
2061 2141 2224 2211 venimus
2238 2134 2348 2211 Bou-

578 2243 731 2330 Ioach.
764 2244 1024 2339 Camerart't).
1353 2272 1441 2318 nam
1463 2249 1639 2341 superatis
1652 2244 1908 2323 Tencterorum
1930 2244 2077 2314 saltibus
2091 2256 2127 2314 et
2142 2242 2252 2333 iugis,
2276 2267 2349 2337 po-

1351 2350 1475 2420 stridie
1509 2374 1616 2444 quam
1645 2373 1665 2418 a
1697 2348 1799 2419 vobis
1831 2345 2065 2419 discessimus.
2130 2344 2349 2421 Scribuntur

1131 2429 1258 2500 epm.)
1353 2453 1445 2521 duae
1473 2452 1607 2520 surmae
1635 2448 1914 2521 Reformationis
1936 2442 2217 2530 Ecclesiasticae,
2255 2470 2347 2541 qua·

305 2568 466 2651 clariss,
493 2586 525 2647 ά
550 2587 621 2676 opp·
646 2579 723 2651 „im
746 2578 801 2652 10
809 2610 834 2652 a
842 2606 859 2654 0
867 2577 991 2657 ΜΝ
1022 2579 1300 2658 camerario
1352 2576 1432 2624 tum
1455 2554 1569 2623 altera
1584 2553 1744 2641 eligenda
1767 2550 1830 2630 sit,
1857 2550 1967 2620 altera
1988 2573 2008 2618 a
2032 2547 2076 2621 D.
2091 2542 2236 2617 Bucero
2256 2547 2347 2639 εἰω-

476 2677 748 2777 Bamhergmsi
767 2688 887 2756 amico
908 2711 977 2758 Μ
1000 2687 1127 2759 can-55·
1352 2657 1433 2749 plex
1457 2668 1492 2725 et
1513 2679 1620 2747 pura,
1652 2653 1761 2723 altera
1785 2676 1806 2721 a
1826 2643 1991 2745 Gropero
2011 2652 2148 2735 sucosa,
2175 2649 2239 2743 qui
2261 2661 2348 2755 tan·¹

616 2784 620 2791 ·
1352 2770 1429 2827 tum
1460 2757 1553 2827 ludit
1581 2755 1787 2825 excusandis
1818 2766 1854 2824 et
1885 2752 2136 2822 confirmandis
2164 2752 2348 2823 abusbua.

306 2799 352 2889 S.
378 2811 424 2888 D.
476 2815 580 2886 Sensi
596 2840 651 2885 me
668 2816 817 2889 mirifico
835 2820 1010 2891 desiderio
1029 2835 1061 2893 et
1080 2822 1133 2891 tui
1148 2835 1183 2893 et
1201 2846 1300 2893 meae
1352 2856 1424 2930 sed
1449 2881 1588 2951 sempe„
1612 2851 1680 2926 hae
1708 2854 1914 2947 praestigiae
1943 2854 2096 2946 speciem
2127 2848 2261 2924 habent
2288 2874 2348 2923 aa·

304 2918 462 3035 familiae·
485 2918 595 3001 afficb
638 2933 824 3012 P⁰⁵lq¹¹³¹¹¹
855 2944 882 3042 ὃ,
908 2937 945 3043 ῑῖ
971 2925 1125 3042 df⁵⁶⁰⁸⁵l
1186 2921 1300 2995 1⁶³⁰
1353 2961 1526 3052 pientiae,
1557 2973 1592 3029 et
1614 2972 1698 3029 sunt
1713 2971 1830 3049 gratae
1846 2952 2011 3026 humanis
2027 2954 2178 3025 iudiciis.
2228 2950 2346 3024 Video

305 3042 524 3111 praesagium
542 3044 614 3088 esse
630 3023 756 3091 ducam
772 3023 884 3093 luturr
898 3026 1048 3095 alrcurus
1064 3039 1228 3112 eventus,
1253 3051 1300 3096 an
1351 3062 1577 3156 aliquidsore
1593 3061 1837 3132 certaminum,
1888 3057 1958 3129 sed
1983 3080 2123 3129 oremus
2138 3053 2276 3143 Deum,
2305 3064 2349 3127 ut

307 3145 390 3203 vero
408 3121 596 3192 senectutis
610 3116 751 3209 πάθος,
779 3125 916 3200 dubito.
949 3123 1065 3198 Habet
1079 3129 1174 3197 enim
1190 3149 1299 3224 στορ-
1352 3152 1524 3255 gubernet
1551 3163 1626 3257 ipse
1654 3185 1738 3231 guae
1760 3157 1938 3232 Ecclesiae
1963 3182 2123 3239 eausam,
2163 3158 2348 3247 etlumen

306 3218 371 3322 7³3
396 3225 434 3291 5¹¹
457 3225 600 3293 ⁵⁰⁰³b¹¹⁸
623 3227 776 3345 acli‘fs‘fs
795 3227 968 3346 ⁸¹i¹¹¹ff¹¹⁰⁵·
1019 3229 1089 3348 seq
1105 3228 1221 3350 Qum
1241 3254 1300 3300 ³⁸·
1352 3263 1557 3358 Evangelii,
1596 3287 1702 3334 neca
1726 3256 1923 3355 Sophistis,
1956 3285 2065 3330 neca
2088 3254 2348 3331 Turci'sobrui

308 3339 447 3395 ternum
467 3339 600 3415 patrem
618 3329 756 3396 dommi
777 3342 891 3400 nostrr
909 3327 989 3401 lesu
1001 3326 1136 3404 Chrrstr
1152 3357 1235 3417 oro,
1259 3347 1300 3405 ut
1352 3369 1457 3442 simp·
2273 3394 2276 3398 .

308 3450 376 3497 ¹¹0⁸
390 3441 487 3515 ‘08³1
504 3441 537 3497 θῑ
554 3443 679 3503 smel·
1435 3466 1596 3561 Principi
1611 3457 2086 3537 IllustriGulielmoComlti
2093 3456 2312 3537 Nassaensr'
2319 3456 2347 3561 ¹)

409 3558 590 3630 Hactenus
616 3562 683 3631 iter
706 3564 771 3633 leci
795 3589 857 3657 per
879 3591 962 3637 rura
983 3560 1200 3658 Turingica,
1237 3569 1301 3640 ubi
1352 3571 1441 3642 meis
1456 3572 1574 3642 verbis
1592 3581 1792 3644 reverenter
1809 3590 1888 3658 ages
1903 3567 2045 3657 gratias.
2061 3614 2076 3647 .-
2096 3564 2183 3636 Tibi
2204 3562 2349 3659 quoque

309 3659 377 3733 hoc
392 3666 537 3733 nornine
553 3665 690 3734 beatius
707 3666 856 3748 vivitur,
883 3670 965 3760 quia
980 3670 1071 3739 nulli
1087 3671 1137 3741 ibi
1152 3669 1302 3763 dellep.
1353 3673 1503 3765 gratiam
1533 3668 1648 3743 habeo
1677 3694 1744 3762 pro
1765 3669 1931 3738 omnibus
1954 3667 2091 3742 officiis.
2146 3661 2348 3765 Episcopus

310 3788 490 3835 sermones
507 3768 712 3841 audiuntur.
766 3766 819 3837 Te
836 3794 908 3838 non
923 3772 1048 3841 dubito
1066 3772 1136 3841 iam
1150 3776 1194 3841 de
1215 3797 1302 3843 con·
1354 3770 1462 3846 hodie
1490 3798 1555 3845 nos
1579 3772 1719 3847 vocavit
1743 3772 1781 3840 in
1806 3770 1960 3841 vicinam
1984 3793 2112 3844 arcem.
2169 3765 2224 3840 De
2247 3763 2348 3839 Con·

310 3883 437 3938 ventus
454 3867 566 3952 exitu,
597 3868 701 3938 laedo
725 3883 766 3939 ut
789 3884 927 3956 metuo,
953 3873 1087 3943 litteras
1113 3869 1303 3971 habere*).
1355 3890 1463 3948 ventu
1484 3873 1735 3965 Noribergensi
1759 3896 1825 3942 nec
1847 3873 1928 3943 aula
1950 3870 2080 3943 sciebat
2099 3864 2217 3943 adhue
2238 3864 2350 3965 quid·

312 3966 439 4058 Qualis
471 3970 518 4039 sit
550 3969 742 4040 ratiocinur
774 3996 815 4040 ex
840 3975 971 4043 caussis
995 3973 1302 4072 προηγρυμέναις,
1355 4003 1461 4074 quam
1484 3979 1580 4051 certi.
1639 3974 1721 4048 Una
1742 3968 1809 4044 hac
1834 3997 1888 4042 me
1911 3972 2153 4045 consolatione
2176 3982 2349 4059 sustento,

312 4095 402 4164 quae
428 4085 531 4140 notae
554 4087 656 4151 sunt.
698 4069 788 4143 Heri
811 4074 916 4145 etiam
942 4077 1088 4169 quidam
1108 4079 1304 4149 affirmabat
1356 4083 1451 4175 quod
1480 4079 1552 4150 scio
1574 4075 1651 4149 Deo
1677 4100 1782 4148 curae
1811 4098 1884 4144 esse
1903 4070 2117 4162 Ecclesiam,
2155 4097 2264 4168 quam
2287 4086 2351 4145 tu·

312 4165 540 4243 Grauvalum
556 4175 700 4244 dixisse:
727 4165 907 4246 Catulum
922 4172 1303 4271 hocanuononposse
1355 4182 1616 4253 multuantibus
1649 4192 1684 4250 et
1716 4177 1902 4249 ruentibus
1936 4172 2111 4268 Imperiis.
2133 4172 2349 4261 mirabiliter

312 4276 352 4344 in
370 4272 599 4345 Germaniam
616 4277 763 4350 venire·
784 4276 855 4349 Sed
871 4275 997 4348 Comes
1011 4272 1304 4375 Suarcedurgius
1356 4285 1522 4368 servabit,
1545 4282 1608 4353 etsi
1626 4280 1752 4352 carinae
1767 4277 2001 4371 lmperiorum
2017 4301 2093 4347 eam
2108 4276 2245 4348 duriter
2259 4299 2350 4347 con·

312 4377 445 4457 aiebat,
472 4378 571 4447 brevi
586 4378 780 4453 affuturam
796 4403 885 4457 esse:
919 4381 1118 4477 etquidem
1142 4407 1222 4454 cum
1244 4407 1305 4453 ex·
1357 4386 1507 4459 cutiunt.
1565 4380 1663 4454 Bene
1688 4380 1767 4453 vale
1789 4379 1969 4450 carissime
1995 4377 2188 4454 Guilelme.
2228 4370 2351 4459 died.

314 4480 435 4551 ercitu.
1357 4487 1461 4562 Maii.
1488 4486 1647 4560 Bonnae.

413 4610 539 4703 Relegi
564 4636 700 4703 grecam
725 4613 908 4705 epistolam
937 4613 977 4705 in
1009 4614 1154 4702 itinere,
1194 4617 1305 4707 magis
1866 4576 2055 4673 Phineum
2072 4575 2300 4673 Melanthos.

314 4715 432 4784 ocioso
450 4715 589 4799 animo,
615 4738 705 4807 quae
722 4716 864 4785 videtur
879 4710 971 4786 mihi
986 4718 1148 4811 quidem,
1173 4719 1304 4789 referre

313 4816 455 4887 Libanii
474 4820 704 4913 χαρακτῆρα.
765 4814 883 4889 Miror
905 4843 977 4912 quo
1001 4819 1150 4890 consilio
1170 4821 1215 4888 ad
1238 4845 1305 4891 nos

315 4920 520 5009 scriptasit.
578 4916 668 4988 Nam
694 4913 760 4993 hae
783 4919 1042 4991 controversiae
1066 4934 1206 4991 nostrae
1229 4947 1302 4992 non
1355 4920 1423 4996 Nu.
1439 4914 1552 4993 2694.
2007 4928 2010 4933 ’
2169 4886 2343 5039 Q

372 2416 459 2492 Epist.
473 2420 507 2475 ad
522 2420 659 2480 Canaerar.
677 2442 704 2496 p.
716 2422 768 2479 426
780 2444 820 2497 aq.
839 2425 893 2495 (cd.
907 2425 994 2485 Laud.
1005 2426 1054 2484 lib.
1069 2424 1116 2486 lV.

1369 4783 1726 4802 Μ

314 5022 554 5113 impedierunt
569 5020 715 5090 consilia
729 5020 943 5091 defensionis
957 5011 1014 5092 vel
1028 5021 1235 5094 Pannoniae
1248 5026 1304 5094 vel
1732 5085 1741 5103 ‚
1783 5044 1792 5055 ’

316 5122 459 5215 patriae.
522 5118 729 5233 Principum
745 5122 919 5213 privatae
949 5124 1159 5219 cupiditates
1191 5126 1306 5220 impe-
1615 5080 1817 5193 Cructger
1846 5074 1909 5161 ad
1928 5075 2097 5164 Ionam.

1359 5309 1365 5316 ,
1425 5252 1446 5319 ’s
1463 5248 1500 5305 Ex
1512 5245 1680 5318 autographo
1694 5238 1836 5315 &veneri
1849 5239 1879 5297 in
1891 5238 1957 5298 vot
1969 5238 2053 5313 Epist.
2064 5237 2197 5313 Meiaiug.
2213 5257 2257 5315 ep.
2269 5239 2299 5295 5·

309 5300 537 5325 *—

348 5410 377 5484 a)
398 5410 530 5481 Loquitur
546 5409 580 5465 aa
598 5408 725 5467 camaras
743 5409 922 5487 rossana,
945 5412 978 5472 a.
993 5416 1095 5490 quau·
1115 5415 1169 5474 aa.
1184 5414 1303 5474 staats.
1357 5392 1563 5410 “““““““““
1586 5472 1623 5489 ,,
1764 5472 1771 5488 ,

380 5482 399 5537 l.
413 5481 432 5536 l.
451 5498 478 5552 p.
489 5477 542 5535 ⁴19
555 5498 616 5553 aqq.
1391 5480 1420 5553 1)
1438 5475 1539 5552 Spania.
1551 5473 1638 5533 adtdtt
1646 5470 1840 5531 dmum.
