4868 6420
194 329 269 405 627

198 495 259 568 De
280 494 485 567 ministerio
508 491 740 590 Euangelieo
769 506 800 566 et
833 497 1006 593 regimine
1033 496 1192 599 Episco-

623 623 764 696 porum.

304 735 406 806 Sicut
417 735 487 804 viri
504 734 640 825 politici
656 738 904 808 antecellentes
919 737 1089 829 sapientia
1107 761 1193 805 eon-

204 840 395 909 stituerunt
424 861 551 928 regna,
594 839 761 928 gradihus
794 864 1044 931 personarum,
1084 842 1193 909 modo

204 940 401 1026 electionis,
427 956 462 1011 et
476 964 585 1009 nervo
602 941 803 1010 ordinariae
820 943 1066 1026 successionis,
1092 966 1192 1034 prae-

202 1044 364 1114 finitione
386 1056 564 1130 certorum
590 1043 748 1112 locorum
773 1061 806 1115 et
829 1046 1082 1135 collegiorum,
1106 1045 1191 1134 legi-

202 1149 280 1231 bus,
306 1144 467 1227 iudiciis,
494 1145 711 1228 executione,
739 1149 943 1238 praesidiis,
967 1148 1105 1239 opibus,
1132 1149 1194 1216 de-

203 1249 379 1329 fensione,
406 1243 458 1342 (et
479 1248 541 1316 alii
566 1248 603 1315 in
621 1248 867 1319 constituendo
894 1251 1012 1319 felices
1036 1250 1194 1335 fuerunt,

205 1330 437 1460 affiurabiles
452 1350 595 1442 politias
610 1352 886 1436 constituerunt,
910 1365 949 1420 ut
964 1351 1090 1446 Cyrus,
1116 1348 1194 1422 Au-

205 1467 345 1544 gustns3
370 1452 430 1520 alii
453 1453 597 1521 fuerunt
616 1452 786 1537 infelices,
806 1479 870 1522 nec
888 1455 1038 1524 retinere
1056 1460 1195 1541 statum,

205 1556 306 1626 cuius
329 1557 474 1624 fuerunt
499 1568 658 1639 autores,
684 1569 893 1647 potuerunt,
920 1571 958 1627 ut
980 1556 1195 1642 Pisistratus,

121 1680 126 1686 ·
203 1655 431 1742 Cleomenes,
455 1657 590 1741 etalii,
617 1682 698 1725 narn
725 1659 828 1726 etiam
855 1660 892 1726 in
910 1653 966 1728 his
985 1662 1090 1729 rebus
1107 1684 1195 1751 opus

204 1773 257 1830 est
269 1759 338 1830 Dei
356 1759 487 1828 auxilio
506 1771 539 1827 et
552 1757 837 1854 gubernatione.)
888 1758 939 1833 Ita
957 1763 1195 1850 multomagis

206 1862 245 1930 in
268 1858 426 1930 Ecclesia
446 1884 571 1950 magna
595 1886 678 1930 cura
700 1877 734 1932 et
754 1865 872 1932 studio
896 1864 1000 1933 multi
1022 1866 1196 1956 sapientes

205 1963 321 2034 conati
347 1977 446 2046 sunt,
478 1987 572 2046 earn,
602 1966 646 2031 ad
678 1965 909 2035 imitationem
941 1968 1040 2056 regni
1065 1968 1196 2036 consti-

204 2079 315 2149 tuere,
340 2064 553 2134 ordinarunt
566 2067 695 2154 gradus
712 2090 957 2160 personarum,
978 2070 1197 2151 electionem,

183 2167 460 2236 'successionem
482 2167 717 2254 ordinariam,
744 2170 938 2254 dioeceses,
965 2197 1067 2262 opes,
1095 2196 1197 2264 prae-

206 2269 307 2341 sidia.
360 2267 429 2338 Sed
448 2269 486 2337 in
509 2263 575 2338 hac
591 2270 666 2361 ipsa
684 2273 939 2359 gubernatione
953 2289 1098 2344 eventus
1119 2275 1197 2342 fue-

112 2438 115 2445 .
204 2385 291 2442 runt
305 2370 531 2443 dissimilimi.
584 2371 675 2442 Nam
697 2387 883 2468 postquam
904 2387 1013 2444 status
1034 2371 1093 2445 hic
1114 2366 1196 2444 dili-

207 2487 330 2565 genter
344 2473 528 2556 ordinatus
546 2486 579 2542 et
593 2475 753 2543 munitus
769 2489 837 2562 est,
863 2500 964 2568 saepe
979 2474 1146 2569 Episcopi
1164 2493 1198 2548 et

208 2577 461 2666 gubernatores
480 2576 546 2666 ipsi
562 2574 958 2664 everteruntEcclesias,
975 2580 1065 2650 sicut
1080 2580 1195 2671 palam

207 2678 382 2762 cernitur,
406 2672 602 2769 Episcopos
621 2693 654 2748 et
676 2704 799 2748 eorum
815 2682 912 2750 aulas
933 2683 1055 2752 multis
1073 2683 1198 2752 seculis

204 2802 351 2874 prorsus
365 2779 556 2869 neglexisse
577 2781 693 2851 studia
708 2783 890 2854 doctrinae
912 2784 1070 2855 coelestis
1086 2799 1120 2855 et
1134 2811 1200 2854 vo-

206 2883 381 2954 cationem
400 2905 511 2955 suam.

307 2982 352 3054 ln
374 2983 484 3054 veteri
504 2996 713 3057 testamento
737 2982 833 3058 Deus
857 3012 998 3082 quoque
1021 2987 1197 3058 dioecesin

205 3086 385 3177 alligatam
410 3086 588 3176 personis,
624 3088 723 3168 loco,
757 3090 959 3159 ordinariae
986 3092 1198 3162 successioni

208 3190 382 3275 instituit,
416 3213 505 3282 quae
526 3190 668 3260 duravit
689 3192 793 3261 annis
816 3193 968 3283 amplius
989 3192 1098 3264 mille.
1149 3190 1199 3264 Et

207 3295 327 3364 tamen
347 3286 433 3359 haec
458 3291 533 3381 ipsa
558 3292 747 3378 dioecesis,
767 3295 899 3362 multos
921 3294 1049 3385 impios
1074 3291 1198 3364 habuit

206 3393 416 3476 Pontifices,
448 3406 483 3463 et
505 3388 624 3463 hostes
653 3419 755 3463 verae
778 3397 978 3475 doetrinae,
1009 3410 1050 3466 ut
1073 3395 1195 3465 Mene·
1249 3463 1256 3478 ,

205 3497 315 3580 laum,
342 3491 515 3574 lasonem,
540 3490 731 3581 Alcimum,
758 3510 791 3566 et
807 3497 894 3567 alios
911 3499 1197 3567 innumerabiles.

308 3593 404 3667 Ante
425 3591 606 3667 Aaronem
627 3595 787 3668 Ecclesia
809 3597 877 3669 Dei
897 3600 1031 3670 diutius
1041 3596 1087 3696 ⁴⁰)
1107 3603 1197 3671 duo-

206 3704 273 3772 bus
286 3699 447 3769 millibus
465 3724 642 3770 annorum
658 3702 745 3786 fuit,
773 3703 910 3771 etiamsi
930 3727 1003 3770 non
1026 3716 1100 3772 erat
1117 3705 1196 3772 talis

205 3801 376 3875 dioecesis
407 3802 548 3892 alligata
580 3803 658 3872 loco
683 3817 717 3873 et
744 3805 902 3894 personis
931 3820 965 3875 et
995 3806 1196 3874 ordinariae

206 3905 430 3978 successioni.
480 3902 529 3980 Et
552 3906 739 3996 postea·in
769 3906 890 3997 politia
921 3905 1062 3978 Iudaica
1094 3931 1196 3998 saepe

205 4003 406 4100 Prophetae
429 4020 462 4076 et
483 4008 642 4078 doctores
666 4032 685 4077 a
704 4005 781 4079 Deo
811 4010 950 4080 excitati
976 4022 1093 4094 sunt,
1108 4034 1195 4104 quos

205 4112 329 4182 andire
350 4133 489 4179 neeesse
506 4124 598 4196 erat,
625 4111 761 4180 etiamsi
778 4114 1039 4183 damnabantur
1062 4113 1107 4183 ab
1128 4113 1197 4181 im-

203 4214 274 4307 piis
292 4210 535 4284 Pontificibus.

307 4313 453 4384 Necesse
478 4325 529 4382 est
557 4313 665 4403 igitur
689 4316 888 4386 discernere
912 4318 956 4386 ab
987 4315 1047 4385 illa
1073 4317 1196 4409 politia

204 4413 465 4509 Episcoporum
480 4416 622 4505 alligata
635 4418 738 4503 locis,
761 4419 921 4509 personis
941 4415 967 4500 ἦ
985 4420 1195 4488 successioni

205 4519 427 4602 ordinariae,
460 4517 634 4609 imperiis,
675 4520 811 4610 legibus
838 4515 1045 4612 humanis”,
1080 4520 1194 4610 ipsum

206 4619 444 4691 ministerium
467 4615 748 4711 'Evangelicum,
782 4624 879 4715 quod
906 4619 1004 4691 Deus
1031 4621 1196 4709 instituit,

206 4736 240 4793 et
261 4746 388 4813 magna
404 4723 645 4792 misericordia
666 4725 818 4794 subinde
841 4725 1032 4809 instaurat,
1059 4739 1093 4795 et
1114 4749 1212 4816 per-·

204 4839 312 4917 petuo
335 4838 452 4895 servat
470 4820 649 4895 Ecclesiae
672 4850 772 4910 suae,
799 4828 894 4919 quod
916 4850 991 4896 non
1012 4827 1195 4917 alligatum

205 4939 257 4997 est
272 4927 376 4998 certis
393 4926 496 5012 locis,
521 4929 701 5018 personis,
727 4942 762 4998 et
776 4923 942 4998 humanis
957 4928 1112 5018 legibus,
1134 4931 1192 4998 sed

202 5025 409 5121 Evangelio.
443 5025 576 5099 Paulus
593 5034 637 5100 ad
651 5025 782 5122 Ephes.
798 5033 833 5103 4.
848 5031 979 5124 inquit:
1000 5024 1194 5101 Christum

204 5124 325 5201 sedere
347 5125 403 5201 ad
415 5126 585 5200 dextram
603 5129 744 5230 putris,
770 5141 802 5201 et
817 5127 1007 5203 Ecclesiae
1020 5157 1110 5204 suae
1126 5127 1193 5202 do-

203 5256 255 5302 na
273 5229 382 5319 dure,
409 5227 634 5330 Prophetas,
663 5230 876 5330 Apostolos,
898 5244 1065 5334 pastores
1080 5245 1112 5305 et
1127 5230 1191 5304 do-

203 5343 324 5411 ctores.
382 5332 429 5405 Et
453 5337 582 5406 diserte
611 5338 711 5408 addit
734 5361 909 5419 caussam,
941 5364 1004 5424 cur
1028 5335 1193 5409 Christus

231 5534 411 5602 eorunm]
430 5532 494 5586 ree.
512 5529 654 5599 avarsus.
704 5515 707 5519 ’

776 322 1208 400 EPISTOLARUM
1257 321 1457 401 muln.
1509 323 1641 404 1545.

2162 325 2239 399 628

1241 522 1302 568 sua
1317 494 1476 590 potentia
1489 511 1604 570 servet
1617 499 1853 569 ministerium
1868 511 1903 569 et
1925 498 2052 568 excitet
2065 497 2240 583 doctores,

1240 602 1425 686 videlicet,
1458 616 1498 672 ut
1522 627 1622 682 vera,
1657 602 1896 685 consentiens,
1930 601 2036 671 unica
2064 601 2238 686 doctrina,

1241 717 1411 795 perpetua
1426 705 1465 772 in
1480 702 1638 774 Ecclesia
1655 719 1813 789 maneat,
1839 705 1930 774 sicut
1951 705 2035 772 inde
2058 704 2101 772 ab
2118 700 2237 771 Adam

1242 830 1353 900 usqne
1375 808 1419 876 ad
1445 803 1531 877 haec
1553 820 1712 899 tempora
1734 807 1863 876 mansit
1889 807 2037 876 verbum
2053 802 2141 889 Dei,
2167 801 2239 886 †et

1242 932 1332 999 pura
1357 910 1530 979 sententia
1558 910 1599 977 in
1627 935 1711 978 vera
1736 908 1923 993 ecclesia'',
1954 923 1988 978 et
2009 932 2053 976 ne
2077 905 2236 976 Ecclesia

1243 1013 1441 1081 abducatur
1465 1037 1484 1081 a
1509 1014 1617 1080 verbo
1645 1011 1732 1096 Dei,
1766 1025 1799 1080 et
1823 1011 2026 1103 impellatur
2051 1010 2090 1078 in
2121 1009 2237 1079 varios

1243 1137 1397 1198 errores,
1423 1128 1464 1184 ut
1486 1109 1634 1183 Ethnici
1652 1115 1811 1207 quotidie
1835 1136 1947 1183 novos
1970 1114 2110 1183 furores
2136 1136 2237 1181 exco-

1244 1217 1413 1306 gitabant.

1344 1316 1414 1387 Hic
1438 1316 1570 1386 Paulus
1591 1320 1696 1408 plane
1725 1319 1893 1402 affirmat,
1927 1340 2051 1387 verum
2076 1314 2237 1387 ministe-

1243 1421 1337 1489 rium
1361 1417 1547 1509 Evangelii
1568 1421 1608 1487 in
1630 1418 1788 1489 Ecclesia
1806 1420 1979 1508 singulari
2001 1419 2180 1510 potentia,
2206 1432 2238 1488 et

1245 1522 1415 1592 beneficio
1431 1518 1566 1592 Christi
1587 1523 1751 1606 retineri,
1773 1523 1955 1603 videlicet,
1980 1516 2048 1590 hoc
2069 1522 2180 1589 modo
2199 1533 2238 1590 ut

1244 1625 1395 1693 subinde
1413 1625 1597 1708 exuscitet,
1624 1626 1812 1713 gubernet,
1832 1638 1866 1694 et
1882 1625 2049 1693 defendat
2066 1625 2237 1707 doctores,

1246 1727 1309 1821 qui
1323 1723 1557 1815 Evangelium
1571 1742 1663 1797 recte
1678 1716 1889 1818 proponant,
1915 1740 1955 1794 ut
1970 1750 2050 1794 curn
2067 1726 2237 1794 ohscura-

1245 1842 1378 1898 tumet
1405 1829 1684 1898 contaminatum
1709 1843 1777 1910 est,
1806 1851 1928 1898 rursus
1956 1829 2111 1897 illustret
2135 1837 2169 1894 et
2193 1827 2238 1897 sit

1246 1932 1366 1999 efficax
1393 1954 1457 2021 per
1480 1956 1601 2000 vocem
1622 1929 1809 2021 Evangelii
1835 1946 1868 2001 et
1892 1928 2236 1999 administrationem

1246 2032 1570 2117 sacramentorum,
1597 2035 1739 2123 colligat
1752 2034 1821 2102 sibi
1835 2031 2030 2102 Ecclesiam
2047 2044 2238 2114 aeternam,

1247 2137 1304 2206 det
1327 2133 1502 2225 Spiritum
1528 2149 1700 2205 sanctum.
1766 2134 1825 2205 Sic
1847 2128 2011 2205 Christus
2035 2133 2111 2225 ipse
2130 2155 2238 2212 suum

1246 2237 1377 2306 librum
1413 2251 1447 2306 et
1469 2260 1568 2307 suam
1598 2232 1756 2307 scholam
1787 2250 1919 2323 servat;
1955 2237 2047 2306 sicut
2070 2234 2156 2309 Esa.
2177 2231 2237 2308 51.

1246 2340 1416 2430 scriptum
1450 2353 1516 2409 est:
1551 2333 1670 2409 Posui
1693 2336 1800 2408 verba
1834 2362 1914 2407 mea
1941 2337 1981 2406 in
2015 2360 2075 2406 ore
2112 2345 2177 2406 tuo
2208 2345 2237 2405 et

1246 2439 1377 2510 umbra
1394 2465 1528 2510 munus
1544 2464 1643 2510 meae
1653 2439 1803 2538 protexi
1818 2449 1861 2526 te,
1887 2448 1926 2511 ut
1946 2437 2096 2538 plantes
2114 2435 2237 2510 coelos.

1246 2541 1293 2614 Et
1307 2567 1408 2635 saepe
1426 2545 1572 2635 repetita
1595 2558 1647 2614 est
1672 2541 1757 2614 haec
1778 2545 1966 2635 promissio
1983 2545 2026 2612 ad
2050 2544 2238 2612 consolan-

1246 2649 1310 2715 dos
1326 2670 1447 2715 omnes
1468 2661 1559 2716 recte
1581 2647 1785 2717 invocantes
1799 2642 2000 2731 Christum,
2025 2656 2066 2716 ut
2088 2647 2237 2731 sciamus

1245 2746 1361 2818 Deum
1385 2771 1446 2818 sua
1468 2750 1625 2839 potentia
1649 2764 1869 2818 servatorum
1894 2773 1966 2817 esse
1991 2773 2092 2818 suam
2116 2744 2236 2817 Eccle-

1247 2851 1353 2934 siam,
1379 2848 1633 2941 Evangelium,
1658 2865 1690 2921 et
1708 2852 1947 2921 ministerium
1965 2847 2167 2940 Evangelii.

1347 2944 1437 3023 Nam
1456 2955 1486 3022 si
1507 2955 1779 3023 fundamentum
1804 2968 1892 3023 esset
1906 2951 2085 3022 Ecclesiae
2110 2947 2235 3021 huma-

1187 3092 1196 3108 ·
1246 3078 1293 3123 na
1309 3056 1509 3145 diligentia,
1537 3071 1570 3126 et
1586 3053 1741 3127 humana
1759 3057 1973 3139 constantia,
1998 3069 2034 3124 et
2047 3051 2237 3142 Evangeli-

1247 3181 1327 3226 cum
1357 3159 1594 3228 ministerium
1626 3160 1671 3228 ab
1695 3154 1850 3227 humana
1877 3158 2035 3249 potentia
2059 3158 2237 3247 penderet,

1247 3259 1315 3327 cito
1335 3261 1511 3330 deleretur
1527 3285 1606 3330 cum
1622 3261 1707 3351 ipsis
1722 3261 1891 3351 imperiis,
1906 3257 2001 3341 †ubi
2015 3275 2159 3330 sonaret
2173 3282 2237 3327 vox

1247 3363 1420 3448 evangelii
1430 3362 1456 3446 '',
1483 3363 1573 3432 sicut
1593 3363 1781 3451 religiones
1798 3364 1947 3432 aliarum
1973 3362 2134 3452 gentium
2160 3383 2236 3429 cnm

1247 3465 1332 3552 ipsis
1349 3465 1506 3552 imperiis
1521 3466 1682 3533 funditus
1698 3466 1832 3534 deletae
1850 3479 1943 3537 sunt.
1995 3462 2064 3534 Sed
2079 3459 2179 3532 Deus
2199 3461 2235 3529 in

1246 3565 1309 3633 illo
1327 3567 1438 3656 eapite
1453 3564 1579 3636 Esaiae
1597 3567 1724 3659 inquit,
1743 3591 1778 3634 se
1795 3566 2034 3635 ministerium
2050 3561 2236 3653 Evangelii

1247 3680 1389 3758 propter
1413 3669 1565 3759 seipsum
1591 3683 1624 3737 et
1652 3671 1860 3738 servandam
1886 3669 2051 3738 notitiam
2081 3666 2236 3737 nominis

1246 3769 1301 3838 sui
1324 3784 1545 3839 servaturum
1573 3795 1645 3840 esse
1669 3784 1702 3840 et
1730 3796 1804 3839 non
1832 3772 2087 3863 permissurum
2114 3783 2156 3839 ut
2177 3771 2235 3837 de-

1245 3873 1370 3944 leatur.

1347 3973 1406 4044 Sic
1431 3987 1464 4044 et
1486 3972 1626 4044 Psalmo
1652 3977 1807 4044 secundo
1837 3975 1972 4068 inquit:
2007 3966 2238 4042 Praedieubo

1247 4071 1290 4144 de
1305 4084 1504 4172 praecepto,
1529 4073 1720 4146 Dominus
1739 4072 1838 4146 dreit
1855 4072 1989 4158 adme,
2004 4070 2121 4170 filius
2140 4097 2235 4143 meus

1246 4201 1281 4246 es
1297 4187 1347 4248 tu.
1399 4177 1502 4249 Hanc
1518 4206 1639 4250 vocem
1655 4178 1818 4251 Christus
1837 4206 1900 4273 per
1920 4205 1993 4250 sese
2014 4195 2049 4250 et
2064 4202 2150 4250 suos
2170 4178 2234 4246 mi-

1246 4282 1375 4352 nistros
1391 4296 1561 4374 perpetuo
1578 4286 1717 4353 sonabit
1733 4307 1797 4352 nec
1812 4283 1965 4375 opprimi
1980 4283 2082 4353 sinet.

1344 4383 1441 4454 Haec
1456 4385 1611 4475 primum
1629 4387 1719 4455 dicta
1741 4400 1825 4455 sunt
1841 4389 1884 4455 de
1899 4384 2100 4455 ministerio
2116 4380 2232 4453 Evan-

1245 4487 1372 4575 gelico,
1406 4499 1447 4556 ut
1468 4512 1590 4556 omnes
1616 4488 1818 4577 intelligant
1846 4513 1911 4556 nos
1936 4487 2119 4570 confiteri,
2148 4487 2231 4555 sient

1244 4584 1328 4658 haec
1353 4602 1402 4659 est
1430 4601 1572 4659 aeterna
1599 4588 1633 4660 et
1654 4591 1800 4660 immota
1824 4590 1972 4675 veritas,
1996 4589 2231 4659 ministerium

1243 4686 1428 4781 Evangelii
1444 4703 1478 4761 et
1493 4690 1803 4762 sacramentorum
1817 4691 2053 4763 necessarium
2069 4715 2156 4775 esse,
2169 4687 2231 4772 Jret

1244 4793 1423 4863 ecclesiam
1439 4796 1483 4863 ad
1502 4787 1569 4864 hoc
1591 4796 1768 4884 alligatam
1792 4794 1901 4879 esse”,
1926 4818 1992 4863 nec
2012 4817 2087 4863 esse
2107 4790 2150 4887 ⁴¹)
2175 4816 2231 4885 po·

1243 4895 1368 4985 pulum
1388 4894 1456 4966 Dei
1474 4910 1534 4966 aut
1550 4898 1677 4966 electos
1692 4921 1842 4989 usquam
1866 4897 1936 4965 nisi
1957 4896 1995 4964 in
2011 4909 2116 4966 coetu
2134 4920 2232 4964 voca·

1244 5009 1380 5084 torum,
1406 4999 1468 5070 ubi
1486 5013 1587 5069 sonat
1604 5025 1671 5068 vox
1682 4996 1870 5090 Evangelii
1891 5012 1925 5069 et
1939 4999 2233 5069 administrantur

1242 5096 1479 5173 Sacramenta.

1344 5200 1508 5273 Secundo
1526 5218 1559 5273 et
1578 5200 1646 5274 hoc
1662 5205 1786 5295 ingens
1806 5202 2017 5274 beneficium
2034 5198 2105 5271 Dei
2131 5226 2235 5294 agno·

1241 5306 1409 5374 scendum
1439 5319 1508 5390 est,
1543 5319 1577 5376 et
1607 5304 1683 5376 Deo
1712 5307 1926 5375 nominatim
1955 5328 2020 5396 pro
2045 5299 2117 5375 hoc
2144 5319 2236 5378 tanto

1274 5531 1320 5598 41)
1338 5549 1389 5587 neo
1405 5539 1478 5599 esse]
1496 5535 1678 5604 Peneusque.
