4868 6420
194 349 273 424 537
767 349 1208 429 EPISTOLARUM
1265 351 1373 429 LlB.
1408 354 1472 431 tx.
1527 353 1659 430 tots.
2154 351 2230 429 658

199 533 337 591 coetum
355 524 513 616 'aliquem
534 537 664 609 servet,
692 525 754 618 qui
784 525 831 595 sit
852 538 968 596 custos
992 520 1120 595 horum
1140 522 1186 592 li·
1238 525 1276 592 in
1296 520 1436 616 phrasi,
1463 525 1502 595 in
1527 528 1787 618 distinguendis
1813 525 2011 597 intervallis
2033 522 2226 595 sententia-

196 622 345 694 brorum
367 638 401 695 et
422 649 525 695 verae
545 627 749 701 sententiae.
800 623 998 719 Obsignato
1021 628 1132 718 legem
1147 625 1185 693 in
1235 650 1315 694 rum
1332 627 1583 716 diligentiores.
1634 626 1794 721 Apparet
1815 642 1951 713 nutem,
1972 625 2226 717 interpretibus

199 725 383 818 discipulis
398 729 498 813 meis,
515 729 651 822 inquit;
677 730 792 814 idest,
813 725 905 799 hanc
918 753 1039 800 curam
1059 727 1184 798 suscita
1236 723 1310 812 his,
1336 752 1487 821 quorum
1512 726 1598 800 haec
1620 746 1671 802 est
1691 732 1824 813 versio,
1850 744 2017 800 nontam
2032 728 2223 797 verborum

200 827 462 897 inauditorum
493 854 654 900 meorum
674 831 873 917 mentibus,
909 845 951 902 ut
975 845 1053 902 tuos
1075 830 1185 917 libros
1236 829 1453 901 intellectum
1476 833 1646 918 defuisse,
1670 857 1776 925 quam
1799 830 2019 918 diligentiam
2042 828 2080 896 in
2095 827 2224 897 distin-

199 943 335 1009 amem,
361 931 496 1021 legant,
517 948 711 1016 asservent,
738 948 771 1002 et
784 934 968 1025 propagari
985 945 1126 1015 curent,
1151 944 1185 999 et
1235 932 1384 1020 guendis
1399 936 1592 1008 sententiis.
1645 933 1751 1023 Quod
1766 959 1807 1003 eo
1822 932 1967 1016 accidit,
1993 928 2076 1023 quia
2092 944 2126 1000 et
2141 928 2224 999 fon-

199 1055 320 1100 eorum
339 1035 494 1101 studium
512 1034 652 1107 adiuva.
703 1030 866 1103 Accende
882 1036 987 1105 etiam
1003 1036 1041 1102 in
1056 1031 1185 1102 menti·
1235 1046 1286 1103 tes
1311 1035 1483 1104 nonsatis
1506 1037 1772 1120 intellexerunt,
1798 1047 1832 1104 et
1846 1035 1890 1102 ad
1904 1031 2123 1122 diligentiam
2148 1031 2223 1099 for·

197 1132 265 1202 bus
294 1157 415 1203 eorum
449 1135 561 1204 lucem
593 1149 708 1215 tuam,
743 1149 778 1204 et
797 1151 966 1230 tanquam
992 1129 1185 1233 σφραγῖδα

197 1246 293 1304 tnarn
313 1235 525 1327 imprimite,
556 1236 722 1308 videlicet
742 1240 898 1308 nativam
922 1251 956 1308 et
969 1261 1087 1306 veram
1104 1260 1185 1304 sen·

198 1337 354 1407 tentiam.
412 1333 487 1405 Hos
520 1339 615 1406 inter
635 1338 868 1428 imperiorum
889 1340 1010 1409 ruinas
1030 1350 1183 1407 servato:

197 1438 241 1506 da
264 1437 313 1505 eis
338 1432 489 1528 hospitia
512 1439 648 1531 aliqua,
675 1453 708 1508 et
723 1443 983 1531 posteritatem,
1009 1455 1049 1512 ut
1069 1453 1102 1510 te
1125 1462 1183 1510 ex-

198 1551 347 1628 pectent.
407 1537 509 1608 Hanc
532 1536 658 1609 Esaiae
687 1544 924 1633 precationem
953 1565 1020 1611 nos
1043 1563 1183 1634 quoque

197 1636 264 1709 hoc
280 1653 436 1730 tempore
458 1663 560 1733 saepe
583 1642 773 1731 cogitemus
796 1659 830 1715 et
843 1645 1046 1727 recitemus,
1072 1667 1111 1710 ac
1135 1641 1184 1708 si-

196 1742 273 1811 mul
286 1739 362 1809 Deo
386 1743 514 1831 gratias
537 1766 695 1833 agamus,
721 1747 816 1837 quod
832 1769 898 1815 nos
912 1747 955 1813 ad
970 1767 1114 1814 snorum
1138 1742 1183 1811 li·

196 1841 344 1913 brorum
373 1844 560 1914 lectionem
590 1859 623 1917 et
646 1850 935 1937 propagationem
957 1847 1116 1928 vocavit,
1149 1856 1183 1912 et

198 1967 263 2014 suo
279 1945 427 2038 quisque
452 1947 529 2015 loco
552 1947 688 2039 aliquid
710 1973 837 2040 operae
859 1950 1016 2020 conferat
1030 1949 1074 2017 ad
1089 1945 1183 2015 divi-

194 2068 326 2118 norum
356 2061 672 2118 monumentorum
695 2050 979 2122 asservationem.
1036 2046 1184 2118 Praedi-

196 2162 278 2220 eant
300 2172 403 2219 suum
427 2149 656 2235 beneficium,
678 2153 739 2243 qui
756 2166 889 2221 veteres
904 2163 1043 2242 poetas,
1070 2145 1183 2219 histo-

195 2252 307 2334 ricos,
333 2264 506 2335 oratores,
531 2251 704 2335 medicos,
723 2253 841 2342 legum
857 2252 1039 2321 volumina
1056 2254 1182 2321 edunt:

197 2367 233 2423 et
250 2354 337 2422 iuste
352 2352 575 2444 praedicant,
602 2376 641 2421 ac
657 2354 804 2441 gratiam
821 2350 1020 2423 habendam
1045 2353 1093 2421 eis
1113 2367 1185 2422 sta-

194 2467 269 2527 tuo.
318 2451 367 2522 Et
385 2455 421 2520 in
441 2449 496 2521 his
513 2455 622 2522 inulta
638 2452 816 2525 Ecclesiae
831 2468 991 2547 prosunt.
1043 2454 1112 2526 Sed
1131 2467 1184 2522 ta·

194 2581 277 2625 men
291 2558 401 2625 multo
416 2556 524 2644 magis
540 2555 769 2646 praedicanda
783 2572 834 2629 est
842 2555 1184 2638 voluntasomnium,

196 2660 259 2754 qui
282 2671 425 2741 curant,
450 2671 489 2728 ut
512 2671 648 2740 extent,
673 2672 714 2730 ut
733 2661 805 2730 sint
824 2661 864 2728 in
887 2659 1052 2728 manibus
1066 2653 1185 2726 homi-

195 2786 283 2831 num
299 2786 338 2830 ac
354 2759 638 2829 transmittantur
653 2763 695 2830 ad
712 2775 869 2852 posteros
882 2760 966 2831 libri
981 2755 1184 2849 Prophetici

1237 1137 1385 1202 mandae
1414 1138 1585 1208 orationis
1614 1139 1653 1206 in
1675 1135 1809 1207 Graeca
1833 1135 1955 1224 lingua
1976 1156 2051 1202 non
2075 1133 2221 1202 fuerunt

1235 1237 1441 1306 adsuefacti:
1475 1254 1593 1329 postea
1624 1240 1729 1310 etiam
1758 1252 1810 1308 tot
1831 1235 1958 1305 seculis
1980 1234 2092 1303 multa
2111 1256 2223 1302 ment·

1235 1339 1298 1406 bra
1315 1340 1494 1408 confusius
1510 1343 1770 1432 descripserunt
1786 1337 1922 1408 indocti
1937 1335 2090 1407 librarii.

1336 1438 1486 1511 Prodest
1514 1455 1629 1513 autem
1657 1458 1773 1514 extare
1796 1437 1880 1508 haec
1905 1448 2153 1514 monumenta,
2187 1447 2223 1505 et

1235 1554 1378 1631 propter
1399 1543 1518 1613 citatas
1539 1569 1557 1612 a
1582 1542 1693 1614 Paulo
1717 1541 1925 1622 sententias,
1951 1551 1986 1609 et
2001 1536 2083 1632 quia
2109 1536 2223 1605 inter·
2287 1619 2294 1630 .

1235 1647 1321 1731 ditm
1343 1640 1477 1715 Graeca
1511 1645 1616 1717 lectio
1643 1646 1790 1738 propior
1821 1654 1872 1711 est
1898 1641 2076 1724 fontibus,
2114 1660 2221 1731 quarn

1235 1746 1381 1831 Latina,
1401 1760 1440 1816 ut
1455 1747 1494 1814 in
1508 1749 1679 1817 sententia
1693 1744 1895 1836 gravissima
1910 1755 1944 1810 et
1959 1738 2136 1810 Ecclesiae
2158 1761 2222 1806 ne-

1235 1850 1381 1920 cessaria
1404 1850 1497 1940 apud
1519 1844 1637 1919 lohel:
1679 1843 1938 1919 Convertimini
1960 1844 2005 1911 ad
2025 1838 2223 1911 Dominum

1235 1951 1348 2021 Deum
1371 1965 1545 2035 vestrum,
1578 1951 1660 2043 quia
1683 1950 1857 2038 benignus
1879 1958 1914 2014 et
1938 1942 2138 2012 misericors
2159 1951 2222 2023 est,

1234 2054 1371 2146 patiens
1384 2064 1418 2122 et
1433 2054 1562 2122 multae
1576 2051 1853 2132 misericordiae,
1878 2059 1913 2115 et
1926 2042 2146 2136 praestabilis
2162 2063 2222 2110 su-

1237 2180 1297 2244 per
1330 2154 1477 2226 malitia.
1543 2151 1641 2242 Quid
1673 2147 1733 2222 hic
1769 2150 1940 2239 significat
1978 2139 2223 2236 praestabilis?

1236 2257 1393 2327 Graecus
1422 2254 1564 2345 proprie
1594 2267 1627 2322 et
1657 2253 1839 2344 perspicue
1868 2246 2024 2334 reddidit
2045 2240 2222 2313 Ebraeam

1237 2381 1355 2425 :rocem
1377 2349 1603 2450 μετανοῶν(
1615 2351 1672 2425 ἐπὶ
1694 2356 1776 2434 ταῖς
1797 2345 1986 2436 κακίαις),
2012 2345 2225 2435 significans,

1235 2457 1349 2527 Deum
1373 2457 1411 2524 in
1437 2457 1698 2526 adflictionibus
1725 2454 1855 2525 nostris
1871 2466 1905 2520 et
1918 2447 2097 2518 aerumnis
2119 2444 2221 2537 quasi

1236 2559 1414 2652 poenitere
1429 2582 1511 2628 suae
1528 2558 1746 2642 iracundiae,
1773 2580 1812 2643 pc
1826 2552 1986 2642 mitigare
1998 2571 2150 2640 poenas,
2164 2569 2223 2613 ,ne

1237 2682 1379 2752 prorsus
1398 2682 1657 2731 consumamur.
1716 2657 1795 2728 Etsi
1825 2654 1921 2724 enim
1952 2649 2141 2719 iustissima
2171 2662 2224 2717 est

1235 2765 1309 2845 ira,
1347 2776 1464 2833 tamen
1485 2755 1571 2830 haec
1596 2773 1715 2829 nostra
1746 2754 1970 2826 imbecillitas
1999 2750 2222 2819 severitatem

194 2878 231 2935 ct
248 2861 456 2954 Apostolici.
509 2858 661 2929 Gratum
678 2860 752 2932 Deo
777 2864 910 2933 sariunt
933 2876 968 2932 et
987 2863 1184 2951 scriptores,
1237 2864 1361 2932 indicii
1383 2863 1498 2932 divini
1519 2862 1610 2930 serre
1631 2873 1761 2953 potest:
1787 2859 1879 2928 sicut
1896 2848 2221 2924 clamatleremias:

196 2967 261 3061 qui
274 2966 452 3035 versiones
471 2963 670 3031 luculentas
685 2968 878 3050 adornant3
904 2978 939 3034 et
959 2958 1183 3056 typographi,
1235 2965 1381 3056 Corripe
1402 2988 1477 3049 me,
1502 2960 1674 3045 Domine,
1704 2984 1827 3030 verum
1852 2958 1889 3026 in
1914 2953 2064 3034 iudicio,
2089 2966 2123 3021 et
2146 2972 2221 3018 non

197 3069 261 3163 qui
286 3070 413 3149 edunt3
439 3077 473 3132 et
497 3064 693 3154 principes,
719 3068 779 3159 qui
804 3063 888 3135 haec
912 3067 1026 3135 studia
1050 3067 1184 3148 fovent,
1236 3069 1274 3136 in
1296 3069 1433 3151 surore,
1458 3091 1503 3135 ne
1525 3065 1564 3134 in
1586 3059 1740 3134 nihilum
1764 3061 1901 3150 redigas
1916 3079 1983 3125 me.
2035 3049 2082 3124 Et
2102 3062 2220 3121 extant

195 3195 262 3240 ΜΕ
286 3167 502 3259 impediunt,
527 3180 567 3236 ¹¹1
587 3166 625 3234 fit
647 3165 684 3235 ln
707 3167 941 3238 mullitlocit·
991 3164 1183 3254 Praecipue
1236 3169 1365 3239 multae
1381 3165 1733 3252 similes'sententiae.
1783 3162 1966 3232 Postremo
1989 3155 2125 3224 utilitas
2147 3173 2221 3220 uon

196 3297 280 3343 vero
302 3272 391 3340 bene
415 3281 596 3337 merentur
610 3268 655 3336 de
668 3265 845 3353 Ecclesia,
863 3269 924 3360 qui
937 3267 1050 3338 fontes
1066 3269 1184 3358 prose·
1234 3270 1452 3362 aspernanda
1482 3282 1553 3352 est,
1594 3267 1690 3361 quod
1719 3288 1800 3334 eum
1829 3279 2027 3331 sermonem
2058 3250 2224 3347 Apostoli

195 3387 299 3460 runt,
330 3371 495 3440 videlicet
521 3366 691 3440 Ebraicos
720 3369 834 3439 libros
861 3363 1120 3459 Prophetarum
1149 3380 1184 3438 et
1235 3371 1370 3444 Graece
1393 3369 1585 3441 scribentes
1607 3392 1649 3439 ex
1669 3363 1737 3436 hoc
1757 3365 1850 3434 libro
1867 3358 2073 3442 sumserint,
2095 3353 2225 3423 melius

197 3475 352 3547 Gf20⁶⁰⁵
372 3469 635 3563 AP⁰⁸l⁰l⁰r¹¹¹¹to
685 3466 863 3541 Omnium
884 3470 993 3560 igitur
1015 3495 1121 3562 opera
1143 3470 1181 3538 in
1234 3472 1432 3562 intelligent
1455 3473 1612 3563 pondera
1638 3469 1828 3537 verborum
1849 3465 1888 3533 in
1901 3457 2116 3553 Apostolicis
2136 3454 2224 3524 scri-

196 3578 344 3648 edendis
360 3600 400 3644 ac
421 3571 642 3642 illustrandis
658 3569 803 3642 Graecis
821 3568 1074 3663 Apostolorum
1096 3572 1180 3640 scri·
1237 3575 1322 3665 pris,
1357 3573 1418 3664 qui
1443 3585 1575 3641 augme
1597 3570 1712 3658 legem
1732 3563 1829 3637 hunc
1849 3566 1994 3633 librum,
2045 3554 2222 3632 Adserva.

195 3681 265 3773 ptis
279 3678 461 3770 probanda
479 3690 544 3744 est:
573 3697 654 3740 nam
673 3669 709 3743 hi
729 3689 811 3744 sunt
828 3672 952 3747 fontes.
1236 3699 1312 3744 mus
1329 3696 1411 3762 ergo
1426 3669 1511 3742 haec
1529 3684 1776 3752 monumenta,
1803 3664 2023 3759 inspicienda
2039 3656 2221 3729 studiosis.

300 3779 511 3849 Versi'onem
529 3799 614 3845 vero
638 3772 810 3845 Graecam
825 3770 1084 3867 Prophetarum
1110 3771 1181 3842 scio
1235 3775 1419 3868 Quidquid
1438 3787 1489 3842 est
1502 3773 1619 3856 enim,
1645 3773 1739 3865 quod
1755 3769 1873 3860 aliqua
1892 3789 1933 3834 ex
1949 3776 2048 3855 parte
2071 3762 2114 3828 ad
2138 3757 2224 3826 illu-

196 3884 302 3972 longe
323 3880 575 3973 squalidiorem
598 3899 671 3946 esse
691 3877 764 3947 suis
785 3877 962 3946 lontibus:
988 3880 1046 3944 sed
1066 3888 1180 3945 tamen
1233 3879 1414 3945 strandam
1436 3874 1633 3944 doctrinam
1660 3872 1842 3943 coelestem
1860 3863 2047 3949 conducit,
2070 3860 2225 3949 diligen-
2344 3871 2349 3884 ’

195 3999 315 4056 extare
325 4008 400 4051 eam
410 3980 497 4051 utile
506 3991 567 4062 est,
583 3981 712 4049 cumea
723 3978 851 4048 Graeci
867 3979 1058 4048 etiamnum
1073 3990 1179 4046 utan«
1234 3994 1287 4048 ter
1302 3979 1528 4047 retinendum
1545 3988 1607 4046 est.

197 4099 268 4171 tur,
284 4084 467 4155 etcollatio
484 4103 586 4171 saepe
595 4077 732 4149 Latinis
747 4082 910 4170 prodesse
927 4078 1054 4170 possit:
1080 4077 1182 4146 deni-
1337 4077 1428 4148 Tam
1451 4077 1562 4147 multa
1585 4087 1668 4146 sunt
1687 4070 1838 4143 illustria
1862 4064 2062 4140 testimonia
2087 4058 2225 4133 deDeo

196 4212 267 4283 que
283 4211 363 4258 cum
378 4182 573 4254 sententiae
589 4179 728 4252 aPaulo
744 4182 867 4252 citatae
882 4183 1083 4261 ostendant,
1097 4193 1182 4251 tunc
1234 4183 1273 4250 in
1294 4194 1367 4251 tota
1392 4192 1517 4249 natura
1545 4175 1686 4248 rerum!
1744 4171 1815 4242 Hic
1843 4164 2104 4263 pulcherrimus
2133 4165 2223 4232 ordo

197 4313 274 4358 eam
293 4291 329 4358 in
346 4280 773 4375 manibushpostolorum
790 4282 905 4356 luisse.
940 4279 987 4352 Et
1002 4297 1087 4351 tuuc
1102 4306 1181 4351 cunr
1234 4305 1445 4371 corporum,
1472 4281 1565 4369 leges
1587 4291 1700 4348 certae
1718 4288 1879 4345 motuum
1896 4270 2118 4352 coelestium,
2142 4287 2241 4354 spe-.

195 4393 283 4464 libri
299 4390 350 4459 illi
368 4387 496 4458 Graeci
515 4387 721 4474 integriores
739 4397 873 4466 essent,
899 4395 934 4451 et
950 4382 1183 4453 rectedistinss
1235 4384 1367 4453 cierum
1398 4381 1636 4457 conservatio,
1678 4377 1751 4469 ipsa
1779 4397 1881 4443 mens
1908 4367 2082 4452 hominis,
2121 4380 2155 4435 st
2183 4365 2224 4433 in

197 4495 266 4576 cti,
299 4493 379 4584 plns
400 4490 489 4560 lucis
510 4484 664 4558 habebat
687 4485 821 4556 Graeca
846 4484 961 4556 lectio.
1021 4483 1095 4554 Nec
1119 4507 1181 4573 ego
1236 4483 1352 4553 mente
1374 4483 1522 4552 notitiae
1545 4479 1758 4569 certissimae
1779 4497 2010 4545 numerorum
2028 4484 2062 4542 et
2075 4467 2226 4550 ordinis,

195 4599 241 4668 de
256 4593 506 4684 interpretibus
520 4590 724 4680 disputabo:
751 4587 902 4676 optarim
920 4583 1132 4655 eruditiores
1149 4598 1184 4656 et
1234 4603 1269 4658 et
1291 4577 1734 4655 discrimenchonestorum
1753 4591 1788 4646 et
1806 4576 1989 4668 turpium,
2011 4571 2143 4642 multae
2165 4571 2225 4636 lu-

194 4695 438 4787 diligentiores
454 4691 578 4775 tuisse,
604 4691 805 4784 quicunque
824 4689 980 4759 suenrnt.
1031 4685 1102 4757 Sed
1119 4711 1182 4779 po-
1234 4701 1393 4757 turarum
1414 4707 1533 4754 renam
1557 4680 1850 4773 signifi-cationes,
1884 4698 1975 4768 qnae
1995 4671 2115 4742 omnia
2137 4692 2226 4786 con-
2262 4726 2264 4730 .

195 4797 390 4871 stremailla
400 4790 631 4865 aetasludaici
642 4791 776 4882 populi,
789 4790 1018 4878 regnantibus
1027 4785 1184 4873 G'raecis,
1235 4789 1382 4858 vincunt
1399 4786 1538 4855 animos
1558 4795 1716 4862 nostros,
1737 4775 1834 4850 hunc
1850 4777 2025 4846 mundum
2042 4796 2117 4841 non
2135 4785 2226 4840 extr·

193 4925 271 4973 non
287 4892 413 4968 habuit
429 4895 559 4964 multos
575 4907 667 4962 recte
681 4883 1182 4981 intelligentesProphetarum
1235 4890 1317 4961 tisse
1339 4912 1437 4972 casu,
1469 4888 1531 4955 sed
1554 4908 1629 4956 esse
1653 4884 1832 4976 quandam
1863 4890 2040 4947 aeternam
2067 4885 2224 4987 mentem

194 5001 395 5075 conciones.
445 4994 560 5066 Erant
576 4996 670 5064 enim
688 4995 873 5086 pleraeque
888 4991 1030 5060 insulsis
1041 4991 1183 5081 opinio-
1235 4987 1558 5062 architectatricem.
1609 4982 1747 5055 Deinde
1763 4981 1987 5051 manifestum
2007 4987 2075 5060 est,
2102 4972 2225 5065 punire

193 5105 302 5176 nibus
322 5099 594 5173 Pharisaeorum
616 5097 820 5165 obscuratae
851 5119 892 5164 ac
915 5116 1003 5184 pene
1024 5092 1183 5170 obrutae.
1235 5091 1364 5160 atrocia
1400 5089 1529 5158 scelera
1561 5088 1601 5155 in
1632 5081 1699 5156 hac
1723 5086 1796 5153 vita
1822 5079 2021 5170 insignibus
2044 5071 2226 5163 exemplis.
2335 5123 2339 5126 .

193 5205 472 5298 thuamquam
490 5201 528 5268 in
540 5198 641 5293 Syria
657 5211 691 5266 et
707 5191 868 5290 Aegypto
885 5196 924 5263 in
938 5193 1089 5262 urbibus
1106 5219 1183 5264 ma·
1234 5190 1298 5261 Est
1321 5192 1429 5280 igitur
1451 5188 1687 5282 providentia.
1746 5184 1865 5275 Quare
1888 5202 2028 5250 necesse
2051 5189 2123 5260 est,
2156 5168 2226 5242 ho·

193 5307 332 5379 iuribus
353 5303 506 5398 populus
530 5297 665 5368 Graece
687 5299 916 5390 loquebatur:
947 5309 1066 5363 tamen
1088 5296 1181 5366 nati·
1234 5293 1347 5361 mines
1371 5313 1560 5384 quaerere,
1586 5291 1666 5370 ubi,
1689 5289 1813 5380 inquo
1836 5306 1963 5375 genere
1984 5278 2165 5350 doctrinae
2186 5296 2227 5393 ξε

193 5434 275 5478 vam
299 5403 546 5500 proprietatem
568 5425 643 5471 non
662 5400 810 5470 retinuit
833 5402 1084 5489 incorruptam.
1134 5393 1182 5467 Et
1235 5391 1559 5487 patefeceritDens,
1585 5391 1673 5484 quid
1691 5391 1734 5459 de
1748 5382 2036 5457 reconciliatione
2052 5381 2227 5450 doment.

194 5511 259 5582 alii
275 5510 355 5581 aliis
371 5518 473 5578 erant
487 5502 708 5586 eruditiores,
730 5500 818 5572 etin
833 5500 970 5570 delectu
980 5498 1182 5584 verborum,
1233 5496 1330 5567 Haec
1346 5495 1408 5589 qni
1423 5518 1505 5563 vere
1520 5493 1747 5563 considerant
1757 5544 1766 5572 ,
1776 5485 1955 5560 Ecclesiae
1969 5484 2084 5552 libros
2095 5491 2227 5560 amant,
