<?xml version="1.0" encoding="UTF-8"?>
<!DOCTYPE html PUBLIC "-//W3C//DTD XHTML 1.0 Transitional//EN"
    "http://www.w3.org/TR/xhtml1/DTD/xhtml1-transitional.dtd">
<html xmlns="http://www.w3.org/1999/xhtml" xml:lang="en" lang="en">
 <head>
  <title>
</title>
<meta http-equiv="Content-Type" content="text/html;charset=utf-8" />
  <meta name='ocr-system' content='tesseract 3.04.00' />
  <meta name='ocr-capabilities' content='ocr_page ocr_carea ocr_par ocr_line ocrx_word'/>
</head>
<body>
  <div class='ocr_page' id='page_1' title='image "./philippimelanth13melagoog/philippimelanth13melagoog_0153.png"; bbox 0 0 4882 6426; ppageno 0'>
   <div class='ocr_carea' id='block_1_1' title="bbox 86 301 2194 449">
    <p class='ocr_par' dir='ltr' id='par_1_1' title="bbox 86 301 2194 449">
     <span class='ocr_line' id='line_1_1' title="bbox 86 301 2194 449; baseline -0.001 -19"><span class='ocrx_word' id='word_1_1' title='bbox 86 352 165 431; x_wconf 80' lang='lat' dir='ltr'><strong>rso</strong></span> <span class='ocrx_word' id='word_1_2' title='bbox 424 331 504 449; x_wconf 69' lang='lat' dir='ltr'><em>s</em></span> <span class='ocrx_word' id='word_1_3' title='bbox 668 336 1560 431; x_wconf 79' lang='lat' dir='ltr'><strong>ur1sr0nanuun1n.1x.1sts.</strong></span> <span class='ocrx_word' id='word_1_4' title='bbox 1720 436 1725 442; x_wconf 64' lang='grc'><em>,</em></span> <span class='ocrx_word' id='word_1_5' title='bbox 2060 301 2194 427; x_wconf 82' lang='lat' dir='ltr'><strong>eso-</strong></span> 
     </span>
    </p>
   </div>
   <div class='ocr_carea' id='block_1_2' title="bbox 16 521 2213 5593">
    <p class='ocr_par' dir='ltr' id='par_1_2' title="bbox 16 521 2213 5593">
     <span class='ocr_line' id='line_1_2' title="bbox 89 521 2133 618; baseline -0.001 -20"><span class='ocrx_word' id='word_1_6' title='bbox 89 539 150 598; x_wconf 87' lang='lat' dir='ltr'><strong>tur</strong></span> <span class='ocrx_word' id='word_1_7' title='bbox 162 523 203 593; x_wconf 91' lang='lat' dir='ltr'><strong>in</strong></span> <span class='ocrx_word' id='word_1_8' title='bbox 219 521 416 593; x_wconf 78' lang='lat' dir='ltr'><strong>actionibus</strong></span> <span class='ocrx_word' id='word_1_9' title='bbox 434 524 674 595; x_wconf 87' lang='lat' dir='ltr'><strong>oeconomicis</strong></span> <span class='ocrx_word' id='word_1_10' title='bbox 690 538 724 594; x_wconf 91' lang='lat' dir='ltr'><strong>et</strong></span> <span class='ocrx_word' id='word_1_11' title='bbox 738 525 893 617; x_wconf 76' lang='lat' dir='ltr'><strong>politicis</strong></span> <span class='ocrx_word' id='word_1_12' title='bbox 908 551 974 618; x_wconf 89' lang='lat' dir='ltr'><strong>pro</strong></span> <span class='ocrx_word' id='word_1_13' title='bbox 988 549 1090 596; x_wconf 88' lang='lat' dir='ltr'><strong>occa·</strong></span> <span class='ocrx_word' id='word_1_14' title='bbox 1138 538 1199 596; x_wconf 89' lang='lat' dir='ltr'><strong>tur</strong></span> <span class='ocrx_word' id='word_1_15' title='bbox 1216 526 1377 609; x_wconf 89' lang='lat' dir='ltr'><strong>veniam,</strong></span> <span class='ocrx_word' id='word_1_16' title='bbox 1401 537 1435 594; x_wconf 89' lang='lat' dir='ltr'><strong>et</strong></span> <span class='ocrx_word' id='word_1_17' title='bbox 1450 524 1650 597; x_wconf 81' lang='lat' dir='ltr'><strong>liberantur</strong></span> <span class='ocrx_word' id='word_1_18' title='bbox 1664 548 1685 594; x_wconf 92' lang='lat' dir='ltr'><strong>a</strong></span> <span class='ocrx_word' id='word_1_19' title='bbox 1698 528 1849 616; x_wconf 87' lang='lat' dir='ltr'><strong>peccatis</strong></span> <span class='ocrx_word' id='word_1_20' title='bbox 1864 539 1898 596; x_wconf 90' lang='lat' dir='ltr'><strong>et</strong></span> <span class='ocrx_word' id='word_1_21' title='bbox 1913 524 2047 618; x_wconf 87' lang='lat' dir='ltr'><strong>poenis.</strong></span> <span class='ocrx_word' id='word_1_22' title='bbox 2081 522 2133 598; x_wconf 89' lang='lat' dir='ltr'><strong>Ut</strong></span> 
     </span>
     <span class='ocr_line' id='line_1_3' title="bbox 90 621 2132 719; baseline -0 -20"><span class='ocrx_word' id='word_1_23' title='bbox 90 627 192 699; x_wconf 87' lang='lat' dir='ltr'><strong>sione</strong></span> <span class='ocrx_word' id='word_1_24' title='bbox 213 638 248 695; x_wconf 89' lang='lat' dir='ltr'><strong>et</strong></span> <span class='ocrx_word' id='word_1_25' title='bbox 269 624 465 698; x_wconf 89' lang='lat' dir='ltr'><strong>vocatione.</strong></span> <span class='ocrx_word' id='word_1_26' title='bbox 534 621 719 696; x_wconf 87' lang='lat' dir='ltr'><strong>Abraham</strong></span> <span class='ocrx_word' id='word_1_27' title='bbox 751 630 898 698; x_wconf 90' lang='lat' dir='ltr'><strong>docebat</strong></span> <span class='ocrx_word' id='word_1_28' title='bbox 933 624 1088 719; x_wconf 79' lang='lat' dir='ltr'><strong>hospites</strong></span> <span class='ocrx_word' id='word_1_29' title='bbox 1139 625 1245 698; x_wconf 86' lang='lat' dir='ltr'>Iacob</span> <span class='ocrx_word' id='word_1_30' title='bbox 1260 627 1439 718; x_wconf 90' lang='lat' dir='ltr'><strong>praedicat</strong></span> <span class='ocrx_word' id='word_1_31' title='bbox 1452 622 1642 717; x_wconf 89' lang='lat' dir='ltr'><strong>Angelum,</strong></span> <span class='ocrx_word' id='word_1_32' title='bbox 1666 623 1735 696; x_wconf 92' lang='lat' dir='ltr'><strong>hoc</strong></span> <span class='ocrx_word' id='word_1_33' title='bbox 1751 640 1812 714; x_wconf 92' lang='lat' dir='ltr'><strong>est,</strong></span> <span class='ocrx_word' id='word_1_34' title='bbox 1837 628 1951 698; x_wconf 88' lang='lat' dir='ltr'><strong>filium</strong></span> <span class='ocrx_word' id='word_1_35' title='bbox 1963 625 2044 712; x_wconf 91' lang='lat' dir='ltr'><strong>Dei,</strong></span> <span class='ocrx_word' id='word_1_36' title='bbox 2068 650 2132 718; x_wconf 89' lang='lat' dir='ltr'><strong>per</strong></span> 
     </span>
     <span class='ocr_line' id='line_1_4' title="bbox 90 724 2130 822; baseline -0.001 -22"><span class='ocrx_word' id='word_1_37' title='bbox 90 751 175 800; x_wconf 89' lang='lat' dir='ltr'><strong>suos</strong></span> <span class='ocrx_word' id='word_1_38' title='bbox 191 730 236 798; x_wconf 93' lang='lat' dir='ltr'><strong>de</strong></span> <span class='ocrx_word' id='word_1_39' title='bbox 249 724 345 810; x_wconf 89' lang='lat' dir='ltr'><strong>Deo,</strong></span> <span class='ocrx_word' id='word_1_40' title='bbox 369 738 411 795; x_wconf 93' lang='lat' dir='ltr'><strong>ut</strong></span> <span class='ocrx_word' id='word_1_41' title='bbox 429 725 499 817; x_wconf 90' lang='lat' dir='ltr'><strong>ipsi</strong></span> <span class='ocrx_word' id='word_1_42' title='bbox 514 729 690 814; x_wconf 86' lang='lat' dir='ltr'><strong>fatentur,</strong></span> <span class='ocrx_word' id='word_1_43' title='bbox 715 753 796 798; x_wconf 91' lang='lat' dir='ltr'><strong>eum</strong></span> <span class='ocrx_word' id='word_1_44' title='bbox 820 752 893 799; x_wconf 89' lang='lat' dir='ltr'><strong>esse</strong></span> <span class='ocrx_word' id='word_1_45' title='bbox 908 724 1087 819; x_wconf 79' lang='lat' dir='ltr'><strong>Angelum</strong></span> <span class='ocrx_word' id='word_1_46' title='bbox 1138 752 1244 822; x_wconf 88' lang='lat' dir='ltr'><strong>quem</strong></span> <span class='ocrx_word' id='word_1_47' title='bbox 1266 730 1316 800; x_wconf 90' lang='lat' dir='ltr'><strong>ait</strong></span> <span class='ocrx_word' id='word_1_48' title='bbox 1340 753 1377 798; x_wconf 90' lang='lat' dir='ltr'><strong>se</strong></span> <span class='ocrx_word' id='word_1_49' title='bbox 1396 729 1585 800; x_wconf 89' lang='lat' dir='ltr'><strong>liberatum</strong></span> <span class='ocrx_word' id='word_1_50' title='bbox 1610 751 1683 799; x_wconf 90' lang='lat' dir='ltr'><strong>esse</strong></span> <span class='ocrx_word' id='word_1_51' title='bbox 1706 730 1751 799; x_wconf 91' lang='lat' dir='ltr'><strong>ab</strong></span> <span class='ocrx_word' id='word_1_52' title='bbox 1767 731 1934 800; x_wconf 90' lang='lat' dir='ltr'><strong>omnihus</strong></span> <span class='ocrx_word' id='word_1_53' title='bbox 1949 730 2070 814; x_wconf 87' lang='lat' dir='ltr'><strong>malis,</strong></span> <span class='ocrx_word' id='word_1_54' title='bbox 2091 729 2130 798; x_wconf 91' lang='lat' dir='ltr'><strong>id</strong></span> 
     </span>
     <span class='ocr_line' id='line_1_5' title="bbox 90 825 2129 927; baseline -0 -26"><span class='ocrx_word' id='word_1_55' title='bbox 90 829 172 906; x_wconf 87' lang='lat' dir='ltr'><strong>Dei.</strong></span> <span class='ocrx_word' id='word_1_56' title='bbox 230 825 406 917; x_wconf 85' lang='lat' dir='ltr'><strong>Magnum</strong></span> <span class='ocrx_word' id='word_1_57' title='bbox 427 850 519 917; x_wconf 90' lang='lat' dir='ltr'><strong>opus</strong></span> <span class='ocrx_word' id='word_1_58' title='bbox 541 841 594 898; x_wconf 89' lang='lat' dir='ltr'><strong>est</strong></span> <span class='ocrx_word' id='word_1_59' title='bbox 618 842 652 898; x_wconf 95' lang='lat' dir='ltr'><strong>et</strong></span> <span class='ocrx_word' id='word_1_60' title='bbox 676 854 789 899; x_wconf 93' lang='lat' dir='ltr'><strong>unum</strong></span> <span class='ocrx_word' id='word_1_61' title='bbox 814 830 974 901; x_wconf 90' lang='lat' dir='ltr'><strong>omnium</strong></span> <span class='ocrx_word' id='word_1_62' title='bbox 990 854 1088 900; x_wconf 91' lang='lat' dir='ltr'><strong>sum·</strong></span> <span class='ocrx_word' id='word_1_63' title='bbox 1137 843 1206 913; x_wconf 90' lang='lat' dir='ltr'><strong>est,</strong></span> <span class='ocrx_word' id='word_1_64' title='bbox 1240 845 1427 922; x_wconf 88' lang='lat' dir='ltr'><strong>apeccato</strong></span> <span class='ocrx_word' id='word_1_65' title='bbox 1447 844 1481 901; x_wconf 91' lang='lat' dir='ltr'><strong>et</strong></span> <span class='ocrx_word' id='word_1_66' title='bbox 1505 831 1627 927; x_wconf 85' lang='lat' dir='ltr'><strong>poenis</strong></span> <span class='ocrx_word' id='word_1_67' title='bbox 1650 831 1813 904; x_wconf 88' lang='lat' dir='ltr'><strong>aeternis.</strong></span> <span class='ocrx_word' id='word_1_68' title='bbox 1870 827 1919 902; x_wconf 91' lang='lat' dir='ltr'><strong>At</strong></span> <span class='ocrx_word' id='word_1_69' title='bbox 1942 832 2064 923; x_wconf 92' lang='lat' dir='ltr'><strong>impii,</strong></span> <span class='ocrx_word' id='word_1_70' title='bbox 2088 843 2129 900; x_wconf 91' lang='lat' dir='ltr'><strong>ut</strong></span> 
     </span>
     <span class='ocr_line' id='line_1_6' title="bbox 90 926 2128 1022; baseline 0 -20"><span class='ocrx_word' id='word_1_71' title='bbox 90 955 212 1016; x_wconf 89' lang='lat' dir='ltr'><strong>mum,</strong></span> <span class='ocrx_word' id='word_1_72' title='bbox 244 941 336 998; x_wconf 92' lang='lat' dir='ltr'><strong>recte</strong></span> <span class='ocrx_word' id='word_1_73' title='bbox 360 930 485 997; x_wconf 88' lang='lat' dir='ltr'><strong>docere</strong></span> <span class='ocrx_word' id='word_1_74' title='bbox 512 931 557 997; x_wconf 96' lang='lat' dir='ltr'><strong>de</strong></span> <span class='ocrx_word' id='word_1_75' title='bbox 571 926 660 1002; x_wconf 89' lang='lat' dir='ltr'><strong>Deo.</strong></span> <span class='ocrx_word' id='word_1_76' title='bbox 721 929 820 1000; x_wconf 91' lang='lat' dir='ltr'><strong>ldem</strong></span> <span class='ocrx_word' id='word_1_77' title='bbox 842 933 933 1022; x_wconf 90' lang='lat' dir='ltr'><strong>gerit</strong></span> <span class='ocrx_word' id='word_1_78' title='bbox 952 933 1086 1002; x_wconf 91' lang='lat' dir='ltr'><strong>bellum</strong></span> <span class='ocrx_word' id='word_1_79' title='bbox 1135 928 1247 1016; x_wconf 88' lang='lat' dir='ltr'><strong>Cain,</strong></span> <span class='ocrx_word' id='word_1_80' title='bbox 1275 930 1462 1021; x_wconf 90' lang='lat' dir='ltr'><strong>Gigantes,</strong></span> <span class='ocrx_word' id='word_1_81' title='bbox 1489 930 1717 1017; x_wconf 77' lang='lat' dir='ltr'><strong>sodomitae,</strong></span> <span class='ocrx_word' id='word_1_82' title='bbox 1749 934 1933 1003; x_wconf 89' lang='lat' dir='ltr'><strong>manifesto</strong></span> <span class='ocrx_word' id='word_1_83' title='bbox 1969 947 2128 1003; x_wconf 89' lang='lat' dir='ltr'><strong>contem·</strong></span> 
     </span>
     <span class='ocr_line' id='line_1_7' title="bbox 91 1028 2127 1124; baseline -0 -20"><span class='ocrx_word' id='word_1_84' title='bbox 91 1057 173 1104; x_wconf 89' lang='lat' dir='ltr'><strong>cum</strong></span> <span class='ocrx_word' id='word_1_85' title='bbox 197 1054 252 1101; x_wconf 91' lang='lat' dir='ltr'><strong>res</strong></span> <span class='ocrx_word' id='word_1_86' title='bbox 268 1029 400 1121; x_wconf 90' lang='lat' dir='ltr'><strong>poscit,</strong></span> <span class='ocrx_word' id='word_1_87' title='bbox 425 1029 526 1120; x_wconf 92' lang='lat' dir='ltr'><strong>pellit</strong></span> <span class='ocrx_word' id='word_1_88' title='bbox 546 1032 727 1120; x_wconf 91' lang='lat' dir='ltr'><strong>ingentem</strong></span> <span class='ocrx_word' id='word_1_89' title='bbox 740 1028 1002 1104; x_wconf 82' lang='lat' dir='ltr'><strong>Chaldaeorum</strong></span> <span class='ocrx_word' id='word_1_90' title='bbox 1027 1058 1087 1102; x_wconf 86' lang='lat' dir='ltr'><strong>ex·</strong></span> <span class='ocrx_word' id='word_1_91' title='bbox 1135 1047 1200 1124; x_wconf 92' lang='lat' dir='ltr'><strong>ptu</strong></span> <span class='ocrx_word' id='word_1_92' title='bbox 1219 1029 1289 1102; x_wconf 90' lang='lat' dir='ltr'><strong>Dei</strong></span> <span class='ocrx_word' id='word_1_93' title='bbox 1307 1034 1507 1124; x_wconf 79' lang='lat' dir='ltr'><strong>polluentes</strong></span> <span class='ocrx_word' id='word_1_94' title='bbox 1534 1058 1570 1104; x_wconf 90' lang='lat' dir='ltr'><strong>se</strong></span> <span class='ocrx_word' id='word_1_95' title='bbox 1590 1034 1700 1102; x_wconf 87' lang='lat' dir='ltr'><strong>variis</strong></span> <span class='ocrx_word' id='word_1_96' title='bbox 1719 1035 1930 1120; x_wconf 88' lang='lat' dir='ltr'><strong>sceleribus,</strong></span> <span class='ocrx_word' id='word_1_97' title='bbox 1955 1047 2067 1104; x_wconf 93' lang='lat' dir='ltr'><strong>ruunt</strong></span> <span class='ocrx_word' id='word_1_98' title='bbox 2086 1034 2127 1103; x_wconf 92' lang='lat' dir='ltr'><strong>in</strong></span> 
     </span>
     <span class='ocr_line' id='line_1_8' title="bbox 91 1131 2126 1229; baseline -0 -22"><span class='ocrx_word' id='word_1_99' title='bbox 91 1135 242 1207; x_wconf 80' lang='lat' dir='ltr'><strong>ercitum</strong></span> <span class='ocrx_word' id='word_1_100' title='bbox 258 1132 381 1220; x_wconf 83' lang='lat' dir='ltr'><strong>exigua</strong></span> <span class='ocrx_word' id='word_1_101' title='bbox 399 1154 527 1212; x_wconf 90' lang='lat' dir='ltr'><strong>manu,</strong></span> <span class='ocrx_word' id='word_1_102' title='bbox 553 1147 589 1203; x_wconf 91' lang='lat' dir='ltr'><strong>et</strong></span> <span class='ocrx_word' id='word_1_103' title='bbox 605 1133 775 1219; x_wconf 87' lang='lat' dir='ltr'><strong>ostendit,</strong></span> <span class='ocrx_word' id='word_1_104' title='bbox 799 1158 920 1204; x_wconf 90' lang='lat' dir='ltr'><strong>veram</strong></span> <span class='ocrx_word' id='word_1_105' title='bbox 943 1135 1087 1205; x_wconf 83' lang='lat' dir='ltr'><strong>fortitu-</strong></span> <span class='ocrx_word' id='word_1_106' title='bbox 1135 1146 1332 1226; x_wconf 88' lang='lat' dir='ltr'><strong>aeternum</strong></span> <span class='ocrx_word' id='word_1_107' title='bbox 1348 1134 1507 1208; x_wconf 83' lang='lat' dir='ltr'><strong>exitium.</strong></span> <span class='ocrx_word' id='word_1_108' title='bbox 1568 1131 1667 1205; x_wconf 90' lang='lat' dir='ltr'><strong>Haec</strong></span> <span class='ocrx_word' id='word_1_109' title='bbox 1698 1160 1840 1229; x_wconf 91' lang='lat' dir='ltr'><strong>quoque</strong></span> <span class='ocrx_word' id='word_1_110' title='bbox 1873 1136 2126 1222; x_wconf 82' lang='lat' dir='ltr'><strong>dissimilitudo</strong></span> 
     </span>
     <span class='ocr_line' id='line_1_9' title="bbox 91 1232 1915 1329; baseline -0.001 -22"><span class='ocrx_word' id='word_1_111' title='bbox 91 1237 215 1307; x_wconf 90' lang='lat' dir='ltr'><strong>dinem</strong></span> <span class='ocrx_word' id='word_1_112' title='bbox 236 1232 400 1303; x_wconf 91' lang='lat' dir='ltr'><strong>divinum</strong></span> <span class='ocrx_word' id='word_1_113' title='bbox 418 1246 555 1302; x_wconf 89' lang='lat' dir='ltr'><strong>motum</strong></span> <span class='ocrx_word' id='word_1_114' title='bbox 578 1256 662 1304; x_wconf 88' lang='lat' dir='ltr'><strong>esse.</strong></span> <span class='ocrx_word' id='word_1_115' title='bbox 714 1233 813 1304; x_wconf 91' lang='lat' dir='ltr'><strong>ldem</strong></span> <span class='ocrx_word' id='word_1_116' title='bbox 833 1237 1086 1328; x_wconf 83' lang='lat' dir='ltr'><strong>paterfamilias</strong></span> <span class='ocrx_word' id='word_1_117' title='bbox 1134 1236 1300 1329; x_wconf 90' lang='lat' dir='ltr'><strong>lapsuum</strong></span> <span class='ocrx_word' id='word_1_118' title='bbox 1319 1250 1354 1306; x_wconf 92' lang='lat' dir='ltr'><strong>et</strong></span> <span class='ocrx_word' id='word_1_119' title='bbox 1367 1259 1563 1327; x_wconf 90' lang='lat' dir='ltr'><strong>poenarum</strong></span> <span class='ocrx_word' id='word_1_120' title='bbox 1578 1237 1835 1306; x_wconf 87' lang='lat' dir='ltr'><strong>consideranda</strong></span> <span class='ocrx_word' id='word_1_121' title='bbox 1852 1251 1915 1307; x_wconf 87' lang='lat' dir='ltr'><strong>est.</strong></span> 
     </span>
     <span class='ocr_line' id='line_1_10' title="bbox 90 1326 2126 1433; baseline 0 -25"><span class='ocrx_word' id='word_1_122' title='bbox 90 1350 166 1422; x_wconf 87' lang='lat' dir='ltr'><strong>est,</strong></span> <span class='ocrx_word' id='word_1_123' title='bbox 190 1349 231 1406; x_wconf 92' lang='lat' dir='ltr'><strong>ut</strong></span> <span class='ocrx_word' id='word_1_124' title='bbox 247 1334 309 1428; x_wconf 91' lang='lat' dir='ltr'><strong>qui</strong></span> <span class='ocrx_word' id='word_1_125' title='bbox 324 1332 475 1402; x_wconf 83' lang='lat' dir='ltr'><strong>maxime</strong></span> <span class='ocrx_word' id='word_1_126' title='bbox 500 1326 760 1433; x_wconf 78' lang='grc' dir='ltr'><strong><em>φιλόστοργος,</em></strong></span> <span class='ocrx_word' id='word_1_127' title='bbox 791 1351 885 1407; x_wconf 87' lang='lat' dir='ltr'><strong>amat</strong></span> <span class='ocrx_word' id='word_1_128' title='bbox 908 1338 1085 1427; x_wconf 89' lang='lat' dir='ltr'><strong>coniuges,</strong></span> <span class='ocrx_word' id='word_1_129' title='bbox 1234 1335 1330 1407; x_wconf 90' lang='lat' dir='ltr'><strong>Haec</strong></span> <span class='ocrx_word' id='word_1_130' title='bbox 1344 1338 1499 1407; x_wconf 91' lang='lat' dir='ltr'><strong>breviter</strong></span> <span class='ocrx_word' id='word_1_131' title='bbox 1520 1334 1580 1408; x_wconf 93' lang='lat' dir='ltr'><strong>hic</strong></span> <span class='ocrx_word' id='word_1_132' title='bbox 1604 1338 1644 1408; x_wconf 89' lang='lat' dir='ltr'><strong>in</strong></span> <span class='ocrx_word' id='word_1_133' title='bbox 1662 1338 1836 1409; x_wconf 91' lang='lat' dir='ltr'><strong>vestibulo</strong></span> <span class='ocrx_word' id='word_1_134' title='bbox 1852 1351 1996 1430; x_wconf 90' lang='lat' dir='ltr'><strong>propter</strong></span> <span class='ocrx_word' id='word_1_135' title='bbox 2012 1338 2126 1431; x_wconf 92' lang='lat' dir='ltr'><strong>impe-</strong></span> 
     </span>
     <span class='ocr_line' id='line_1_11' title="bbox 89 1435 2126 1530; baseline -0 -20"><span class='ocrx_word' id='word_1_136' title='bbox 89 1439 271 1521; x_wconf 88' lang='lat' dir='ltr'><strong>sobolem,</strong></span> <span class='ocrx_word' id='word_1_137' title='bbox 291 1448 342 1505; x_wconf 89' lang='lat' dir='ltr'><strong>est</strong></span> <span class='ocrx_word' id='word_1_138' title='bbox 357 1448 391 1505; x_wconf 94' lang='lat' dir='ltr'><strong>et</strong></span> <span class='ocrx_word' id='word_1_139' title='bbox 406 1435 557 1524; x_wconf 89' lang='lat' dir='ltr'><strong>diligens</strong></span> <span class='ocrx_word' id='word_1_140' title='bbox 571 1460 801 1523; x_wconf 92' lang='lat' dir='ltr'><strong>oeconomus,</strong></span> <span class='ocrx_word' id='word_1_141' title='bbox 834 1452 955 1509; x_wconf 89' lang='lat' dir='ltr'><strong>tuetur</strong></span> <span class='ocrx_word' id='word_1_142' title='bbox 970 1441 1084 1517; x_wconf 87' lang='lat' dir='ltr'><strong>fontes</strong></span> <span class='ocrx_word' id='word_1_143' title='bbox 1132 1438 1220 1509; x_wconf 89' lang='lat' dir='ltr'><strong>ritos</strong></span> <span class='ocrx_word' id='word_1_144' title='bbox 1239 1439 1416 1529; x_wconf 85' lang='lat' dir='ltr'><strong>praefatus</strong></span> <span class='ocrx_word' id='word_1_145' title='bbox 1439 1462 1536 1524; x_wconf 85' lang='lat' dir='ltr'><strong>sum,</strong></span> <span class='ocrx_word' id='word_1_146' title='bbox 1571 1453 1611 1510; x_wconf 91' lang='lat' dir='ltr'><strong>ut</strong></span> <span class='ocrx_word' id='word_1_147' title='bbox 1634 1440 1763 1512; x_wconf 89' lang='lat' dir='ltr'><strong>moniti</strong></span> <span class='ocrx_word' id='word_1_148' title='bbox 1787 1441 1959 1530; x_wconf 84' lang='lat' dir='ltr'><strong>cogitent,</strong></span> <span class='ocrx_word' id='word_1_149' title='bbox 1991 1440 2126 1510; x_wconf 85' lang='lat' dir='ltr'><strong>doctri-</strong></span> 
     </span>
     <span class='ocr_line' id='line_1_12' title="bbox 88 1536 2125 1633; baseline -0.001 -21"><span class='ocrx_word' id='word_1_150' title='bbox 88 1563 193 1625; x_wconf 87' lang='lat' dir='ltr'><strong>suos,</strong></span> <span class='ocrx_word' id='word_1_151' title='bbox 211 1551 311 1608; x_wconf 91' lang='lat' dir='ltr'><strong>curat</strong></span> <span class='ocrx_word' id='word_1_152' title='bbox 326 1537 543 1628; x_wconf 85' lang='lat' dir='ltr'><strong>pecuariam,</strong></span> <span class='ocrx_word' id='word_1_153' title='bbox 570 1538 609 1606; x_wconf 90' lang='lat' dir='ltr'><strong>in</strong></span> <span class='ocrx_word' id='word_1_154' title='bbox 630 1541 780 1609; x_wconf 90' lang='lat' dir='ltr'><strong>emendo</strong></span> <span class='ocrx_word' id='word_1_155' title='bbox 807 1541 979 1630; x_wconf 80' lang='lat' dir='ltr'><strong>singulari</strong></span> <span class='ocrx_word' id='word_1_156' title='bbox 1000 1565 1083 1610; x_wconf 90' lang='lat' dir='ltr'><strong>cura</strong></span> <span class='ocrx_word' id='word_1_157' title='bbox 1132 1563 1214 1608; x_wconf 90' lang='lat' dir='ltr'><strong>nam</strong></span> <span class='ocrx_word' id='word_1_158' title='bbox 1237 1539 1286 1629; x_wconf 65' lang='lat' dir='ltr'><strong>inf</strong></span> <span class='ocrx_word' id='word_1_159' title='bbox 1301 1536 1358 1610; x_wconf 92' lang='lat' dir='ltr'><strong>his</strong></span> <span class='ocrx_word' id='word_1_160' title='bbox 1381 1540 1550 1611; x_wconf 90' lang='lat' dir='ltr'><strong>brevibus</strong></span> <span class='ocrx_word' id='word_1_161' title='bbox 1570 1536 1728 1610; x_wconf 88' lang='lat' dir='ltr'><strong>historiis</strong></span> <span class='ocrx_word' id='word_1_162' title='bbox 1752 1542 1927 1612; x_wconf 90' lang='lat' dir='ltr'><strong>contineri</strong></span> <span class='ocrx_word' id='word_1_163' title='bbox 1949 1541 2125 1633; x_wconf 85' lang='lat' dir='ltr'><strong>amplissi-</strong></span> 
     </span>
     <span class='ocr_line' id='line_1_13' title="bbox 88 1638 2124 1736; baseline -0 -24"><span class='ocrx_word' id='word_1_164' title='bbox 88 1653 247 1736; x_wconf 92' lang='lat' dir='ltr'><strong>praestat</strong></span> <span class='ocrx_word' id='word_1_165' title='bbox 263 1638 437 1733; x_wconf 90' lang='lat' dir='ltr'><strong>iusticiam</strong></span> <span class='ocrx_word' id='word_1_166' title='bbox 452 1661 492 1708; x_wconf 91' lang='lat' dir='ltr'><strong>ac</strong></span> <span class='ocrx_word' id='word_1_167' title='bbox 506 1640 767 1732; x_wconf 85' lang='lat' dir='ltr'><strong>aequalitatem,</strong></span> <span class='ocrx_word' id='word_1_168' title='bbox 789 1665 894 1734; x_wconf 89' lang='lat' dir='ltr'><strong>quam</strong></span> <span class='ocrx_word' id='word_1_169' title='bbox 910 1643 1084 1713; x_wconf 89' lang='lat' dir='ltr'><strong>divinitus</strong></span> <span class='ocrx_word' id='word_1_170' title='bbox 1131 1655 1282 1711; x_wconf 83' lang='lat' dir='ltr'><strong>memet</strong></span> <span class='ocrx_word' id='word_1_171' title='bbox 1304 1642 1582 1734; x_wconf 87' lang='lat' dir='ltr'><strong>copiosissimam</strong></span> <span class='ocrx_word' id='word_1_172' title='bbox 1608 1643 1780 1712; x_wconf 88' lang='lat' dir='ltr'><strong>derebus</strong></span> <span class='ocrx_word' id='word_1_173' title='bbox 1802 1643 1976 1727; x_wconf 81' lang='lat' dir='ltr'><strong>maximis,</strong></span> <span class='ocrx_word' id='word_1_174' title='bbox 2016 1666 2124 1736; x_wconf 92' lang='lat' dir='ltr'><strong>quam</strong></span> 
     </span>
     <span class='ocr_line' id='line_1_14' title="bbox 89 1736 2189 1837; baseline 0 -25"><span class='ocrx_word' id='word_1_175' title='bbox 89 1743 261 1832; x_wconf 65' lang='lat' dir='ltr'><strong>sancitam</strong></span> <span class='ocrx_word' id='word_1_176' title='bbox 281 1763 355 1808; x_wconf 91' lang='lat' dir='ltr'><strong>esse</strong></span> <span class='ocrx_word' id='word_1_177' title='bbox 377 1741 415 1807; x_wconf 92' lang='lat' dir='ltr'><strong>in</strong></span> <span class='ocrx_word' id='word_1_178' title='bbox 428 1763 545 1810; x_wconf 88' lang='lat' dir='ltr'><strong>rerum</strong></span> <span class='ocrx_word' id='word_1_179' title='bbox 563 1742 884 1812; x_wconf 86' lang='lat' dir='ltr'><strong>communicatione</strong></span> <span class='ocrx_word' id='word_1_180' title='bbox 901 1743 1080 1833; x_wconf 88' lang='lat' dir='ltr'><strong>intelligit.</strong></span> <span class='ocrx_word' id='word_1_181' title='bbox 1131 1743 1275 1834; x_wconf 91' lang='lat' dir='ltr'><strong>quidem</strong></span> <span class='ocrx_word' id='word_1_182' title='bbox 1290 1740 1574 1813; x_wconf 87' lang='lat' dir='ltr'><strong>Commentarius</strong></span> <span class='ocrx_word' id='word_1_183' title='bbox 1588 1744 1823 1813; x_wconf 90' lang='lat' dir='ltr'><strong>eruditissime</strong></span> <span class='ocrx_word' id='word_1_184' title='bbox 1838 1744 1995 1829; x_wconf 82' lang='lat' dir='ltr'><strong>evolvet,</strong></span> <span class='ocrx_word' id='word_1_185' title='bbox 2018 1768 2123 1837; x_wconf 91' lang='lat' dir='ltr'><strong>quem</strong></span> <span class='ocrx_word' id='word_1_186' title='bbox 2183 1736 2189 1743; x_wconf 48' lang='grc'><em>”</em></span> 
     </span>
     <span class='ocr_line' id='line_1_15' title="bbox 88 1840 2123 1939; baseline -0.002 -23"><span class='ocrx_word' id='word_1_187' title='bbox 88 1841 138 1916; x_wconf 86' lang='lat' dir='ltr'><strong>Et</strong></span> <span class='ocrx_word' id='word_1_188' title='bbox 159 1840 252 1915; x_wconf 89' lang='lat' dir='ltr'><strong>haue</strong></span> <span class='ocrx_word' id='word_1_189' title='bbox 273 1841 382 1912; x_wconf 90' lang='lat' dir='ltr'><strong>vitam</strong></span> <span class='ocrx_word' id='word_1_190' title='bbox 405 1840 584 1931; x_wconf 88' lang='lat' dir='ltr'><strong>politicam</strong></span> <span class='ocrx_word' id='word_1_191' title='bbox 612 1856 718 1935; x_wconf 91' lang='lat' dir='ltr'><strong>atque</strong></span> <span class='ocrx_word' id='word_1_192' title='bbox 741 1845 1002 1914; x_wconf 88' lang='lat' dir='ltr'><strong>oeconomicam</strong></span> <span class='ocrx_word' id='word_1_193' title='bbox 1025 1869 1083 1913; x_wconf 89' lang='lat' dir='ltr'><strong>re·</strong></span> <span class='ocrx_word' id='word_1_194' title='bbox 1132 1843 1194 1935; x_wconf 91' lang='lat' dir='ltr'><strong>qui</strong></span> <span class='ocrx_word' id='word_1_195' title='bbox 1215 1843 1348 1932; x_wconf 91' lang='lat' dir='ltr'><strong>legent,</strong></span> <span class='ocrx_word' id='word_1_196' title='bbox 1373 1845 1525 1914; x_wconf 91' lang='lat' dir='ltr'><strong>subinde</strong></span> <span class='ocrx_word' id='word_1_197' title='bbox 1546 1847 1590 1914; x_wconf 89' lang='lat' dir='ltr'><strong>ad</strong></span> <span class='ocrx_word' id='word_1_198' title='bbox 1616 1840 1681 1914; x_wconf 88' lang='lat' dir='ltr'><strong>hos</strong></span> <span class='ocrx_word' id='word_1_199' title='bbox 1701 1845 1815 1929; x_wconf 89' lang='lat' dir='ltr'><strong>locos,</strong></span> <span class='ocrx_word' id='word_1_200' title='bbox 1840 1868 1930 1939; x_wconf 92' lang='lat' dir='ltr'><strong>quos</strong></span> <span class='ocrx_word' id='word_1_201' title='bbox 1950 1845 2123 1930; x_wconf 90' lang='lat' dir='ltr'><strong>recensui,</strong></span> 
     </span>
     <span class='ocr_line' id='line_1_16' title="bbox 88 1939 2124 2034; baseline -0 -17"><span class='ocrx_word' id='word_1_202' title='bbox 88 1947 159 2017; x_wconf 82' lang='lat' dir='ltr'><strong>fert</strong></span> <span class='ocrx_word' id='word_1_203' title='bbox 172 1948 216 2015; x_wconf 96' lang='lat' dir='ltr'><strong>ad</strong></span> <span class='ocrx_word' id='word_1_204' title='bbox 230 1939 327 2013; x_wconf 91' lang='lat' dir='ltr'><strong>hunc</strong></span> <span class='ocrx_word' id='word_1_205' title='bbox 342 1942 448 2011; x_wconf 91' lang='lat' dir='ltr'><strong>finem</strong></span> <span class='ocrx_word' id='word_1_206' title='bbox 468 1944 718 2033; x_wconf 89' lang='lat' dir='ltr'><strong>praecipuum,</strong></span> <span class='ocrx_word' id='word_1_207' title='bbox 739 1958 779 2013; x_wconf 91' lang='lat' dir='ltr'><strong>ut</strong></span> <span class='ocrx_word' id='word_1_208' title='bbox 803 1945 841 2014; x_wconf 93' lang='lat' dir='ltr'><strong>in</strong></span> <span class='ocrx_word' id='word_1_209' title='bbox 861 1940 918 2014; x_wconf 90' lang='lat' dir='ltr'><strong>his</strong></span> <span class='ocrx_word' id='word_1_210' title='bbox 931 1946 1082 2015; x_wconf 91' lang='lat' dir='ltr'><strong>actioni·</strong></span> <span class='ocrx_word' id='word_1_211' title='bbox 1130 1944 1337 2034; x_wconf 89' lang='lat' dir='ltr'><strong>respiciant,</strong></span> <span class='ocrx_word' id='word_1_212' title='bbox 1373 1958 1406 2014; x_wconf 90' lang='lat' dir='ltr'><strong>et</strong></span> <span class='ocrx_word' id='word_1_213' title='bbox 1432 1947 1553 2014; x_wconf 91' lang='lat' dir='ltr'><strong>omnia</strong></span> <span class='ocrx_word' id='word_1_214' title='bbox 1575 1949 1621 2016; x_wconf 93' lang='lat' dir='ltr'><strong>ad</strong></span> <span class='ocrx_word' id='word_1_215' title='bbox 1644 1942 1743 2015; x_wconf 92' lang='lat' dir='ltr'><strong>hunc</strong></span> <span class='ocrx_word' id='word_1_216' title='bbox 1764 1947 1869 2015; x_wconf 87' lang='lat' dir='ltr'><strong>linem</strong></span> <span class='ocrx_word' id='word_1_217' title='bbox 1885 1947 2060 2030; x_wconf 84' lang='lat' dir='ltr'><strong>referant,</strong></span> <span class='ocrx_word' id='word_1_218' title='bbox 2083 1960 2124 2016; x_wconf 91' lang='lat' dir='ltr'><strong>ut</strong></span> 
     </span>
     <span class='ocr_line' id='line_1_17' title="bbox 88 2040 2124 2138; baseline -0.001 -20"><span class='ocrx_word' id='word_1_219' title='bbox 88 2050 159 2118; x_wconf 92' lang='lat' dir='ltr'><strong>bus</strong></span> <span class='ocrx_word' id='word_1_220' title='bbox 179 2048 292 2115; x_wconf 87' lang='lat' dir='ltr'><strong>luceat</strong></span> <span class='ocrx_word' id='word_1_221' title='bbox 312 2045 497 2117; x_wconf 84' lang='lat' dir='ltr'><strong>confessio.</strong></span> <span class='ocrx_word' id='word_1_222' title='bbox 548 2040 696 2115; x_wconf 84' lang='lat' dir='ltr'><strong>Exercet</strong></span> <span class='ocrx_word' id='word_1_223' title='bbox 719 2046 812 2115; x_wconf 91' lang='lat' dir='ltr'><strong>etin</strong></span> <span class='ocrx_word' id='word_1_224' title='bbox 836 2048 1081 2116; x_wconf 88' lang='lat' dir='ltr'><strong>communibus</strong></span> <span class='ocrx_word' id='word_1_225' title='bbox 1131 2045 1343 2133; x_wconf 84' lang='lat' dir='ltr'><strong>cogitatione</strong></span> <span class='ocrx_word' id='word_1_226' title='bbox 1382 2041 1512 2116; x_wconf 92' lang='lat' dir='ltr'><strong>horum</strong></span> <span class='ocrx_word' id='word_1_227' title='bbox 1553 2049 1794 2138; x_wconf 86' lang='lat' dir='ltr'><strong>exemplorum</strong></span> <span class='ocrx_word' id='word_1_228' title='bbox 1836 2047 2000 2118; x_wconf 90' lang='lat' dir='ltr'><strong>timorem</strong></span> <span class='ocrx_word' id='word_1_229' title='bbox 2041 2045 2124 2131; x_wconf 90' lang='lat' dir='ltr'><strong>Dei,</strong></span> 
     </span>
     <span class='ocr_line' id='line_1_18' title="bbox 87 2145 1780 2237; baseline 0.001 -18"><span class='ocrx_word' id='word_1_230' title='bbox 87 2146 280 2228; x_wconf 88' lang='lat' dir='ltr'><strong>aerumnis,</strong></span> <span class='ocrx_word' id='word_1_231' title='bbox 302 2169 391 2237; x_wconf 83' lang='lat' dir='ltr'><strong>quae</strong></span> <span class='ocrx_word' id='word_1_232' title='bbox 407 2145 566 2214; x_wconf 89' lang='lat' dir='ltr'><strong>comitari</strong></span> <span class='ocrx_word' id='word_1_233' title='bbox 585 2169 808 2215; x_wconf 91' lang='lat' dir='ltr'><strong>communem</strong></span> <span class='ocrx_word' id='word_1_234' title='bbox 826 2148 936 2217; x_wconf 89' lang='lat' dir='ltr'><strong>vitam</strong></span> <span class='ocrx_word' id='word_1_235' title='bbox 954 2149 1081 2234; x_wconf 88' lang='lat' dir='ltr'><strong>solent,</strong></span> <span class='ocrx_word' id='word_1_236' title='bbox 1130 2145 1234 2216; x_wconf 86' lang='lat' dir='ltr'><strong>fidem</strong></span> <span class='ocrx_word' id='word_1_237' title='bbox 1252 2160 1286 2216; x_wconf 88' lang='lat' dir='ltr'><strong>et</strong></span> <span class='ocrx_word' id='word_1_238' title='bbox 1299 2147 1560 2219; x_wconf 87' lang='lat' dir='ltr'><strong>invocationem</strong></span> <span class='ocrx_word' id='word_1_239' title='bbox 1577 2150 1780 2221; x_wconf 90' lang='lat' dir='ltr'><strong>accendant.</strong></span> 
     </span>
     <span class='ocr_line' id='line_1_19' title="bbox 84 2244 2122 2339; baseline -0.002 -16"><span class='ocrx_word' id='word_1_240' title='bbox 84 2251 253 2324; x_wconf 84' lang='lat' dir='ltr'><strong>timorem</strong></span> <span class='ocrx_word' id='word_1_241' title='bbox 275 2244 362 2330; x_wconf 91' lang='lat' dir='ltr'><strong>Dei,</strong></span> <span class='ocrx_word' id='word_1_242' title='bbox 385 2246 510 2329; x_wconf 90' lang='lat' dir='ltr'><strong>fidem,</strong></span> <span class='ocrx_word' id='word_1_243' title='bbox 537 2246 780 2329; x_wconf 90' lang='lat' dir='ltr'><strong>tolerantiam,</strong></span> <span class='ocrx_word' id='word_1_244' title='bbox 807 2249 1080 2329; x_wconf 90' lang='lat' dir='ltr'><strong>invocationem,</strong></span> <span class='ocrx_word' id='word_1_245' title='bbox 1229 2245 1322 2318; x_wconf 90' lang='lat' dir='ltr'><strong>Cum</strong></span> <span class='ocrx_word' id='word_1_246' title='bbox 1337 2262 1454 2319; x_wconf 92' lang='lat' dir='ltr'><strong>autem</strong></span> <span class='ocrx_word' id='word_1_247' title='bbox 1477 2250 1615 2339; x_wconf 87' lang='lat' dir='ltr'><strong>integra</strong></span> <span class='ocrx_word' id='word_1_248' title='bbox 1635 2250 1810 2320; x_wconf 89' lang='lat' dir='ltr'><strong>enarratio</strong></span> <span class='ocrx_word' id='word_1_249' title='bbox 1829 2263 1929 2320; x_wconf 90' lang='lat' dir='ltr'><strong>vetus</strong></span> <span class='ocrx_word' id='word_1_250' title='bbox 1944 2249 1984 2318; x_wconf 94' lang='lat' dir='ltr'><strong>in</strong></span> <span class='ocrx_word' id='word_1_251' title='bbox 2001 2246 2122 2319; x_wconf 82' lang='lat' dir='ltr'><strong>Gene-</strong></span> 
     </span>
     <span class='ocr_line' id='line_1_20' title="bbox 86 2345 2121 2443; baseline -0.001 -20"><span class='ocrx_word' id='word_1_252' title='bbox 86 2366 125 2423; x_wconf 88' lang='lat' dir='ltr'><strong>et</strong></span> <span class='ocrx_word' id='word_1_253' title='bbox 139 2350 317 2420; x_wconf 88' lang='lat' dir='ltr'><strong>mirandas</strong></span> <span class='ocrx_word' id='word_1_254' title='bbox 331 2347 561 2417; x_wconf 90' lang='lat' dir='ltr'><strong>liberationes</strong></span> <span class='ocrx_word' id='word_1_255' title='bbox 579 2349 768 2438; x_wconf 87' lang='lat' dir='ltr'><strong>experitur.</strong></span> <span class='ocrx_word' id='word_1_256' title='bbox 819 2347 916 2420; x_wconf 86' lang='lat' dir='ltr'><strong>llaec</strong></span> <span class='ocrx_word' id='word_1_257' title='bbox 932 2374 973 2419; x_wconf 92' lang='lat' dir='ltr'><strong>eo</strong></span> <span class='ocrx_word' id='word_1_258' title='bbox 997 2351 1079 2420; x_wconf 92' lang='lat' dir='ltr'><strong>lite·</strong></span> <span class='ocrx_word' id='word_1_259' title='bbox 1130 2348 1186 2417; x_wconf 87' lang='lat' dir='ltr'><strong>sin</strong></span> <span class='ocrx_word' id='word_1_260' title='bbox 1200 2350 1299 2419; x_wconf 91' lang='lat' dir='ltr'><strong>nulla</strong></span> <span class='ocrx_word' id='word_1_261' title='bbox 1316 2363 1426 2435; x_wconf 81' lang='lat' dir='ltr'><strong>extet,</strong></span> <span class='ocrx_word' id='word_1_262' title='bbox 1453 2363 1486 2420; x_wconf 90' lang='lat' dir='ltr'><strong>et</strong></span> <span class='ocrx_word' id='word_1_263' title='bbox 1508 2345 1750 2422; x_wconf 90' lang='lat' dir='ltr'><strong>hunclibrum</strong></span> <span class='ocrx_word' id='word_1_264' title='bbox 1767 2351 1919 2420; x_wconf 87' lang='lat' dir='ltr'><strong>maxime</strong></span> <span class='ocrx_word' id='word_1_265' title='bbox 1932 2350 2046 2443; x_wconf 90' lang='lat' dir='ltr'><strong>prosit</strong></span> <span class='ocrx_word' id='word_1_266' title='bbox 2067 2351 2121 2420; x_wconf 85' lang='lat' dir='ltr'><strong>la-</strong></span> 
     </span>
     <span class='ocr_line' id='line_1_21' title="bbox 82 2446 2120 2541; baseline -0.001 -17"><span class='ocrx_word' id='word_1_267' title='bbox 82 2455 136 2524; x_wconf 88' lang='lat' dir='ltr'><strong>ris</strong></span> <span class='ocrx_word' id='word_1_268' title='bbox 152 2452 317 2520; x_wconf 89' lang='lat' dir='ltr'><strong>mandata</strong></span> <span class='ocrx_word' id='word_1_269' title='bbox 335 2461 436 2532; x_wconf 88' lang='lat' dir='ltr'><strong>sunt,</strong></span> <span class='ocrx_word' id='word_1_270' title='bbox 461 2462 501 2517; x_wconf 90' lang='lat' dir='ltr'><strong>ut</strong></span> <span class='ocrx_word' id='word_1_271' title='bbox 518 2448 775 2534; x_wconf 85' lang='lat' dir='ltr'><strong>refutarentur,</strong></span> <span class='ocrx_word' id='word_1_272' title='bbox 800 2452 1077 2541; x_wconf 86' lang='lat' dir='ltr'><strong>superstitiones.</strong></span> <span class='ocrx_word' id='word_1_273' title='bbox 1128 2449 1366 2521; x_wconf 89' lang='lat' dir='ltr'><strong>miliarissime</strong></span> <span class='ocrx_word' id='word_1_274' title='bbox 1387 2464 1512 2521; x_wconf 91' lang='lat' dir='ltr'><strong>notum</strong></span> <span class='ocrx_word' id='word_1_275' title='bbox 1537 2475 1610 2521; x_wconf 89' lang='lat' dir='ltr'><strong>esse</strong></span> <span class='ocrx_word' id='word_1_276' title='bbox 1624 2454 1811 2537; x_wconf 88' lang='lat' dir='ltr'><strong>omnibus,</strong></span> <span class='ocrx_word' id='word_1_277' title='bbox 1835 2454 1984 2541; x_wconf 91' lang='lat' dir='ltr'><strong>gratiam</strong></span> <span class='ocrx_word' id='word_1_278' title='bbox 2006 2446 2120 2525; x_wconf 86' lang='lat' dir='ltr'><strong>habeo</strong></span> 
     </span>
     <span class='ocr_line' id='line_1_22' title="bbox 16 2544 2213 2658; baseline -0.001 -32"><span class='ocrx_word' id='word_1_279' title='bbox 16 2576 19 2579; x_wconf 75' lang='grc'>’</span> <span class='ocrx_word' id='word_1_280' title='bbox 83 2555 178 2627; x_wconf 85' lang='lat' dir='ltr'><strong>Nam</strong></span> <span class='ocrx_word' id='word_1_281' title='bbox 193 2551 361 2623; x_wconf 88' lang='lat' dir='ltr'><strong>omnibus</strong></span> <span class='ocrx_word' id='word_1_282' title='bbox 380 2550 553 2620; x_wconf 90' lang='lat' dir='ltr'><strong>aetatibus</strong></span> <span class='ocrx_word' id='word_1_283' title='bbox 578 2544 742 2620; x_wconf 89' lang='lat' dir='ltr'><strong>homines</strong></span> <span class='ocrx_word' id='word_1_284' title='bbox 763 2553 998 2641; x_wconf 87' lang='lat' dir='ltr'><strong>superstitiosi</strong></span> <span class='ocrx_word' id='word_1_285' title='bbox 1020 2577 1079 2622; x_wconf 84' lang='lat' dir='ltr'><strong>ex·</strong></span> <span class='ocrx_word' id='word_1_286' title='bbox 1128 2548 1340 2622; x_wconf 86' lang='lat' dir='ltr'><strong>Reverendo</strong></span> <span class='ocrx_word' id='word_1_287' title='bbox 1369 2550 1414 2626; x_wconf 92' lang='lat' dir='ltr'><strong>D.</strong></span> <span class='ocrx_word' id='word_1_288' title='bbox 1437 2547 1626 2638; x_wconf 84' lang='lat' dir='ltr'><strong>Luthcro,</strong></span> <span class='ocrx_word' id='word_1_289' title='bbox 1658 2554 1878 2644; x_wconf 88' lang='lat' dir='ltr'><strong>praeceptori</strong></span> <span class='ocrx_word' id='word_1_290' title='bbox 1910 2568 2051 2634; x_wconf 91' lang='lat' dir='ltr'><strong>nostro,</strong></span> <span class='ocrx_word' id='word_1_291' title='bbox 2084 2565 2120 2658; x_wconf 66' lang='lat' dir='ltr'><strong>et</strong></span> <span class='ocrx_word' id='word_1_292' title='bbox 2210 2603 2213 2606; x_wconf 54' lang='lat'><strong>&lt;</strong></span> 
     </span>
     <span class='ocr_line' id='line_1_23' title="bbox 85 2649 2206 2748; baseline -0.002 -21"><span class='ocrx_word' id='word_1_293' title='bbox 85 2655 287 2748; x_wconf 86' lang='lat' dir='ltr'><strong>cogitarunt</strong></span> <span class='ocrx_word' id='word_1_294' title='bbox 310 2652 528 2722; x_wconf 85' lang='lat' dir='ltr'><strong>ceremonias</strong></span> <span class='ocrx_word' id='word_1_295' title='bbox 551 2663 585 2719; x_wconf 91' lang='lat' dir='ltr'><strong>et</strong></span> <span class='ocrx_word' id='word_1_296' title='bbox 608 2653 764 2721; x_wconf 89' lang='lat' dir='ltr'><strong>actiones</strong></span> <span class='ocrx_word' id='word_1_297' title='bbox 786 2653 919 2722; x_wconf 90' lang='lat' dir='ltr'><strong>alienas</strong></span> <span class='ocrx_word' id='word_1_298' title='bbox 940 2677 960 2722; x_wconf 91' lang='lat' dir='ltr'><strong>a</strong></span> <span class='ocrx_word' id='word_1_299' title='bbox 982 2654 1080 2723; x_wconf 91' lang='lat' dir='ltr'><strong>civili</strong></span> <span class='ocrx_word' id='word_1_300' title='bbox 1128 2677 1226 2745; x_wconf 87' lang='lat' dir='ltr'><strong>meo,</strong></span> <span class='ocrx_word' id='word_1_301' title='bbox 1266 2668 1300 2724; x_wconf 89' lang='lat' dir='ltr'><strong>et</strong></span> <span class='ocrx_word' id='word_1_302' title='bbox 1322 2655 1515 2724; x_wconf 89' lang='lat' dir='ltr'><strong>multorum</strong></span> <span class='ocrx_word' id='word_1_303' title='bbox 1536 2656 1677 2746; x_wconf 91' lang='lat' dir='ltr'><strong>piorum</strong></span> <span class='ocrx_word' id='word_1_304' title='bbox 1704 2656 1869 2740; x_wconf 92' lang='lat' dir='ltr'><strong>nomine,</strong></span> <span class='ocrx_word' id='word_1_305' title='bbox 1900 2657 1997 2747; x_wconf 94' lang='lat' dir='ltr'><strong>quod</strong></span> <span class='ocrx_word' id='word_1_306' title='bbox 2027 2649 2119 2723; x_wconf 90' lang='lat' dir='ltr'><strong>hanc</strong></span> <span class='ocrx_word' id='word_1_307' title='bbox 2194 2687 2206 2703; x_wconf 54' lang='grc' dir='ltr'><strong><em>ι</em></strong></span> 
     </span>
     <span class='ocr_line' id='line_1_24' title="bbox 83 2749 2120 2849; baseline -0.002 -21"><span class='ocrx_word' id='word_1_308' title='bbox 83 2758 182 2827; x_wconf 85' lang='lat' dir='ltr'><strong>vitae</strong></span> <span class='ocrx_word' id='word_1_309' title='bbox 198 2752 471 2838; x_wconf 87' lang='lat' dir='ltr'><strong>consuetudine,</strong></span> <span class='ocrx_word' id='word_1_310' title='bbox 497 2775 584 2845; x_wconf 88' lang='lat' dir='ltr'><strong>quas</strong></span> <span class='ocrx_word' id='word_1_311' title='bbox 598 2753 702 2822; x_wconf 88' lang='lat' dir='ltr'><strong>titulo</strong></span> <span class='ocrx_word' id='word_1_312' title='bbox 726 2753 939 2843; x_wconf 87' lang='lat' dir='ltr'><strong>religionum</strong></span> <span class='ocrx_word' id='word_1_313' title='bbox 962 2749 1079 2824; x_wconf 92' lang='lat' dir='ltr'><strong>hono·</strong></span> <span class='ocrx_word' id='word_1_314' title='bbox 1129 2755 1388 2837; x_wconf 86' lang='lat' dir='ltr'><strong>enarrationem</strong></span> <span class='ocrx_word' id='word_1_315' title='bbox 1404 2757 1576 2841; x_wconf 90' lang='lat' dir='ltr'><strong>instituit,</strong></span> <span class='ocrx_word' id='word_1_316' title='bbox 1603 2780 1672 2849; x_wconf 88' lang='lat' dir='ltr'><strong>qua</strong></span> <span class='ocrx_word' id='word_1_317' title='bbox 1684 2780 1758 2826; x_wconf 92' lang='lat' dir='ltr'><strong>uon</strong></span> <span class='ocrx_word' id='word_1_318' title='bbox 1774 2756 1889 2826; x_wconf 92' lang='lat' dir='ltr'><strong>solum</strong></span> <span class='ocrx_word' id='word_1_319' title='bbox 1906 2758 1950 2824; x_wconf 91' lang='lat' dir='ltr'><strong>de</strong></span> <span class='ocrx_word' id='word_1_320' title='bbox 1964 2755 2070 2825; x_wconf 90' lang='lat' dir='ltr'><strong>nobis</strong></span> <span class='ocrx_word' id='word_1_321' title='bbox 2084 2767 2120 2824; x_wconf 89' lang='lat' dir='ltr'><strong>et</strong></span> 
     </span>
     <span class='ocr_line' id='line_1_25' title="bbox 81 2853 2120 2947; baseline -0.002 -19"><span class='ocrx_word' id='word_1_322' title='bbox 81 2859 186 2932; x_wconf 88' lang='lat' dir='ltr'><strong>rilice</strong></span> <span class='ocrx_word' id='word_1_323' title='bbox 207 2854 338 2947; x_wconf 90' lang='lat' dir='ltr'><strong>populo</strong></span> <span class='ocrx_word' id='word_1_324' title='bbox 358 2856 663 2929; x_wconf 81' lang='lat' dir='ltr'><strong>commendarunt.</strong></span> <span class='ocrx_word' id='word_1_325' title='bbox 715 2853 854 2926; x_wconf 90' lang='lat' dir='ltr'><strong>Vetusti</strong></span> <span class='ocrx_word' id='word_1_326' title='bbox 877 2871 960 2926; x_wconf 92' lang='lat' dir='ltr'><strong>sunt</strong></span> <span class='ocrx_word' id='word_1_327' title='bbox 981 2880 1079 2925; x_wconf 88' lang='lat' dir='ltr'><strong>erro·</strong></span> <span class='ocrx_word' id='word_1_328' title='bbox 1129 2855 1172 2923; x_wconf 90' lang='lat' dir='ltr'><strong>de</strong></span> <span class='ocrx_word' id='word_1_329' title='bbox 1188 2857 1390 2943; x_wconf 89' lang='lat' dir='ltr'><strong>posteritate</strong></span> <span class='ocrx_word' id='word_1_330' title='bbox 1405 2856 1496 2926; x_wconf 92' lang='lat' dir='ltr'><strong>bene</strong></span> <span class='ocrx_word' id='word_1_331' title='bbox 1510 2871 1684 2941; x_wconf 88' lang='lat' dir='ltr'><strong>meretur,</strong></span> <span class='ocrx_word' id='word_1_332' title='bbox 1708 2875 1788 2927; x_wconf 89' lang='lat' dir='ltr'><strong>cum</strong></span> <span class='ocrx_word' id='word_1_333' title='bbox 1809 2880 1865 2926; x_wconf 91' lang='lat' dir='ltr'><strong>res</strong></span> <span class='ocrx_word' id='word_1_334' title='bbox 1887 2858 2038 2947; x_wconf 90' lang='lat' dir='ltr'><strong>optimas</strong></span> <span class='ocrx_word' id='word_1_335' title='bbox 2060 2880 2120 2925; x_wconf 90' lang='lat' dir='ltr'><strong>ex-</strong></span> 
     </span>
     <span class='ocr_line' id='line_1_26' title="bbox 81 2951 2158 3049; baseline -0.001 -19"><span class='ocrx_word' id='word_1_336' title='bbox 81 2982 163 3044; x_wconf 90' lang='lat' dir='ltr'><strong>res,</strong></span> <span class='ocrx_word' id='word_1_337' title='bbox 193 2958 286 3047; x_wconf 90' lang='lat' dir='ltr'><strong>leges</strong></span> <span class='ocrx_word' id='word_1_338' title='bbox 308 2956 520 3035; x_wconf 86' lang='lat' dir='ltr'><strong>coelibatus,</strong></span> <span class='ocrx_word' id='word_1_339' title='bbox 553 2955 713 3025; x_wconf 87' lang='lat' dir='ltr'><strong>delectus</strong></span> <span class='ocrx_word' id='word_1_340' title='bbox 733 2957 915 3044; x_wconf 87' lang='lat' dir='ltr'><strong>ciborum,</strong></span> <span class='ocrx_word' id='word_1_341' title='bbox 947 2958 1078 3027; x_wconf 89' lang='lat' dir='ltr'><strong>lacera·</strong></span> <span class='ocrx_word' id='word_1_342' title='bbox 1128 2957 1252 3046; x_wconf 88' lang='lat' dir='ltr'><strong>plicat,</strong></span> <span class='ocrx_word' id='word_1_343' title='bbox 1276 2960 1336 3026; x_wconf 92' lang='lat' dir='ltr'><strong>sed</strong></span> <span class='ocrx_word' id='word_1_344' title='bbox 1354 2957 1461 3027; x_wconf 89' lang='lat' dir='ltr'><strong>etiam</strong></span> <span class='ocrx_word' id='word_1_345' title='bbox 1479 2960 1523 3027; x_wconf 95' lang='lat' dir='ltr'><strong>de</strong></span> <span class='ocrx_word' id='word_1_346' title='bbox 1540 2959 1613 3026; x_wconf 90' lang='lat' dir='ltr'><strong>illis</strong></span> <span class='ocrx_word' id='word_1_347' title='bbox 1629 2957 1715 3049; x_wconf 89' lang='lat' dir='ltr'><strong>ipsis</strong></span> <span class='ocrx_word' id='word_1_348' title='bbox 1733 2959 1879 3027; x_wconf 91' lang='lat' dir='ltr'><strong>summis</strong></span> <span class='ocrx_word' id='word_1_349' title='bbox 1893 2958 1980 3027; x_wconf 91' lang='lat' dir='ltr'><strong>viris</strong></span> <span class='ocrx_word' id='word_1_350' title='bbox 2000 2970 2034 3027; x_wconf 91' lang='lat' dir='ltr'><strong>et</strong></span> <span class='ocrx_word' id='word_1_351' title='bbox 2048 2952 2120 3028; x_wconf 87' lang='lat' dir='ltr'><strong>Ec-</strong></span> <span class='ocrx_word' id='word_1_352' title='bbox 2153 2951 2158 2966; x_wconf 81' lang='grc'><strong><em>’</em></strong></span> 
     </span>
     <span class='ocr_line' id='line_1_27' title="bbox 84 3055 2120 3149; baseline -0.001 -19"><span class='ocrx_word' id='word_1_353' title='bbox 84 3063 201 3137; x_wconf 88' lang='lat' dir='ltr'><strong>tiones</strong></span> <span class='ocrx_word' id='word_1_354' title='bbox 218 3058 394 3149; x_wconf 89' lang='lat' dir='ltr'><strong>corporis,</strong></span> <span class='ocrx_word' id='word_1_355' title='bbox 423 3057 568 3126; x_wconf 88' lang='lat' dir='ltr'><strong>torvitas</strong></span> <span class='ocrx_word' id='word_1_356' title='bbox 584 3058 628 3125; x_wconf 87' lang='lat' dir='ltr'><strong>ad</strong></span> <span class='ocrx_word' id='word_1_357' title='bbox 644 3059 915 3129; x_wconf 88' lang='lat' dir='ltr'><strong>ostentationem</strong></span> <span class='ocrx_word' id='word_1_358' title='bbox 934 3060 1079 3149; x_wconf 87' lang='lat' dir='ltr'><strong>religio-</strong></span> <span class='ocrx_word' id='word_1_359' title='bbox 1129 3059 1252 3126; x_wconf 87' lang='lat' dir='ltr'><strong>clesiae</strong></span> <span class='ocrx_word' id='word_1_360' title='bbox 1268 3059 1483 3142; x_wconf 86' lang='lat' dir='ltr'><strong>luminibus,</strong></span> <span class='ocrx_word' id='word_1_361' title='bbox 1497 3060 1553 3128; x_wconf 79' lang='lat' dir='ltr'><strong>&#39;de</strong></span> <span class='ocrx_word' id='word_1_362' title='bbox 1568 3055 1763 3144; x_wconf 88' lang='lat' dir='ltr'><strong>Abraham,</strong></span> <span class='ocrx_word' id='word_1_363' title='bbox 1786 3058 1894 3144; x_wconf 87' lang='lat' dir='ltr'><strong>lsaac,</strong></span> <span class='ocrx_word' id='word_1_364' title='bbox 1918 3057 2036 3143; x_wconf 89' lang='lat' dir='ltr'><strong>Iacob,</strong></span> <span class='ocrx_word' id='word_1_365' title='bbox 2057 3056 2120 3128; x_wconf 89' lang='lat' dir='ltr'><strong>lo-</strong></span> 
     </span>
     <span class='ocr_line' id='line_1_28' title="bbox 83 3153 2119 3253; baseline -0.003 -18"><span class='ocrx_word' id='word_1_366' title='bbox 83 3161 338 3236; x_wconf 86' lang='lat' dir='ltr'><strong>nissimulata.</strong></span> <span class='ocrx_word' id='word_1_367' title='bbox 393 3156 462 3227; x_wconf 88' lang='lat' dir='ltr'><strong>His</strong></span> <span class='ocrx_word' id='word_1_368' title='bbox 486 3159 668 3227; x_wconf 83' lang='lat' dir='ltr'><strong>furoribus</strong></span> <span class='ocrx_word' id='word_1_369' title='bbox 691 3164 909 3230; x_wconf 91' lang='lat' dir='ltr'><strong>cousuetudo</strong></span> <span class='ocrx_word' id='word_1_370' title='bbox 933 3160 1079 3231; x_wconf 89' lang='lat' dir='ltr'><strong>Patrum</strong></span> <span class='ocrx_word' id='word_1_371' title='bbox 1129 3153 1232 3248; x_wconf 91' lang='lat' dir='ltr'><strong>seph,</strong></span> <span class='ocrx_word' id='word_1_372' title='bbox 1266 3184 1419 3253; x_wconf 92' lang='lat' dir='ltr'><strong>quorum</strong></span> <span class='ocrx_word' id='word_1_373' title='bbox 1441 3161 1554 3230; x_wconf 91' lang='lat' dir='ltr'><strong>virtus</strong></span> <span class='ocrx_word' id='word_1_374' title='bbox 1575 3161 1614 3230; x_wconf 88' lang='lat' dir='ltr'><strong>fit</strong></span> <span class='ocrx_word' id='word_1_375' title='bbox 1643 3163 1865 3251; x_wconf 87' lang='lat' dir='ltr'><strong>conspectior</strong></span> <span class='ocrx_word' id='word_1_376' title='bbox 1886 3156 1952 3229; x_wconf 89' lang='lat' dir='ltr'><strong>hac</strong></span> <span class='ocrx_word' id='word_1_377' title='bbox 1974 3183 2119 3229; x_wconf 90' lang='lat' dir='ltr'><strong>enarra·</strong></span> 
     </span>
     <span class='ocr_line' id='line_1_29' title="bbox 82 3256 2119 3359; baseline -0.002 -26"><span class='ocrx_word' id='word_1_378' title='bbox 82 3263 231 3359; x_wconf 90' lang='lat' dir='ltr'><strong>politica</strong></span> <span class='ocrx_word' id='word_1_379' title='bbox 254 3275 289 3333; x_wconf 92' lang='lat' dir='ltr'><strong>et</strong></span> <span class='ocrx_word' id='word_1_380' title='bbox 314 3260 560 3345; x_wconf 89' lang='lat' dir='ltr'><strong>oeconomica,</strong></span> <span class='ocrx_word' id='word_1_381' title='bbox 591 3258 696 3350; x_wconf 90' lang='lat' dir='ltr'><strong>plena</strong></span> <span class='ocrx_word' id='word_1_382' title='bbox 716 3263 956 3352; x_wconf 83' lang='lat' dir='ltr'><strong>exemplorum</strong></span> <span class='ocrx_word' id='word_1_383' title='bbox 986 3263 1080 3346; x_wconf 88' lang='lat' dir='ltr'><strong>fidei,</strong></span> <span class='ocrx_word' id='word_1_384' title='bbox 1127 3260 1235 3330; x_wconf 89' lang='lat' dir='ltr'><strong>tione.</strong></span> <span class='ocrx_word' id='word_1_385' title='bbox 1287 3256 1401 3330; x_wconf 85' lang='lat' dir='ltr'><strong>Antea</strong></span> <span class='ocrx_word' id='word_1_386' title='bbox 1421 3281 1501 3330; x_wconf 89' lang='lat' dir='ltr'><strong>cum</strong></span> <span class='ocrx_word' id='word_1_387' title='bbox 1526 3256 1656 3330; x_wconf 90' lang='lat' dir='ltr'><strong>horum</strong></span> <span class='ocrx_word' id='word_1_388' title='bbox 1677 3262 1824 3330; x_wconf 90' lang='lat' dir='ltr'><strong>nomina</strong></span> <span class='ocrx_word' id='word_1_389' title='bbox 1847 3263 1999 3352; x_wconf 90' lang='lat' dir='ltr'><strong>populus</strong></span> <span class='ocrx_word' id='word_1_390' title='bbox 2014 3260 2119 3330; x_wconf 90' lang='lat' dir='ltr'><strong>audi·</strong></span> 
     </span>
     <span class='ocr_line' id='line_1_30' title="bbox 24 3357 2120 3459; baseline -0.002 -24"><span class='ocrx_word' id='word_1_391' title='bbox 24 3439 44 3452; x_wconf 39' lang='lat' dir='ltr'><em>l</em></span> <span class='ocrx_word' id='word_1_392' title='bbox 82 3368 191 3459; x_wconf 85' lang='lat' dir='ltr'><strong>plena</strong></span> <span class='ocrx_word' id='word_1_393' title='bbox 212 3358 542 3433; x_wconf 87' lang='lat' dir='ltr'><strong>honestissimorum</strong></span> <span class='ocrx_word' id='word_1_394' title='bbox 568 3361 767 3430; x_wconf 85' lang='lat' dir='ltr'><strong>officiorum</strong></span> <span class='ocrx_word' id='word_1_395' title='bbox 797 3386 877 3450; x_wconf 89' lang='lat' dir='ltr'><strong>erga</strong></span> <span class='ocrx_word' id='word_1_396' title='bbox 904 3359 1079 3446; x_wconf 89' lang='lat' dir='ltr'><strong>homines,</strong></span> <span class='ocrx_word' id='word_1_397' title='bbox 1128 3374 1200 3442; x_wconf 89' lang='lat' dir='ltr'><strong>ret,</strong></span> <span class='ocrx_word' id='word_1_398' title='bbox 1233 3357 1326 3430; x_wconf 90' lang='lat' dir='ltr'><strong>nihil</strong></span> <span class='ocrx_word' id='word_1_399' title='bbox 1357 3362 1525 3432; x_wconf 87' lang='lat' dir='ltr'><strong>eximium</strong></span> <span class='ocrx_word' id='word_1_400' title='bbox 1555 3387 1594 3431; x_wconf 93' lang='lat' dir='ltr'><strong>ac</strong></span> <span class='ocrx_word' id='word_1_401' title='bbox 1623 3358 1806 3433; x_wconf 90' lang='lat' dir='ltr'><strong>heroicum</strong></span> <span class='ocrx_word' id='word_1_402' title='bbox 1830 3363 2025 3452; x_wconf 90' lang='lat' dir='ltr'><strong>cogitabat,</strong></span> <span class='ocrx_word' id='word_1_403' title='bbox 2058 3372 2120 3431; x_wconf 91' lang='lat' dir='ltr'><strong>aut</strong></span> 
     </span>
     <span class='ocr_line' id='line_1_31' title="bbox 81 3456 2118 3562; baseline -0.001 -25"><span class='ocrx_word' id='word_1_404' title='bbox 81 3470 192 3562; x_wconf 89' lang='lat' dir='ltr'><strong>plena</strong></span> <span class='ocrx_word' id='word_1_405' title='bbox 213 3459 494 3560; x_wconf 74' lang='grc' dir='ltr'><strong><em>φιλοστοργίας,</em></strong></span> <span class='ocrx_word' id='word_1_406' title='bbox 520 3476 732 3553; x_wconf 89' lang='lat' dir='ltr'><strong>opponatur.</strong></span> <span class='ocrx_word' id='word_1_407' title='bbox 783 3462 856 3533; x_wconf 91' lang='lat' dir='ltr'><strong>Nec</strong></span> <span class='ocrx_word' id='word_1_408' title='bbox 881 3464 1001 3532; x_wconf 92' lang='lat' dir='ltr'><strong>nullae</strong></span> <span class='ocrx_word' id='word_1_409' title='bbox 1025 3456 1079 3534; x_wconf 84' lang='lat' dir='ltr'><strong>ta-</strong></span> <span class='ocrx_word' id='word_1_410' title='bbox 1128 3486 1202 3530; x_wconf 90' lang='lat' dir='ltr'><strong>non</strong></span> <span class='ocrx_word' id='word_1_411' title='bbox 1216 3465 1368 3532; x_wconf 91' lang='lat' dir='ltr'><strong>multum</strong></span> <span class='ocrx_word' id='word_1_412' title='bbox 1387 3487 1445 3532; x_wconf 90' lang='lat' dir='ltr'><strong>eos</strong></span> <span class='ocrx_word' id='word_1_413' title='bbox 1461 3464 1701 3553; x_wconf 84' lang='lat' dir='ltr'><strong>supravulgus</strong></span> <span class='ocrx_word' id='word_1_414' title='bbox 1716 3478 1897 3553; x_wconf 89' lang='lat' dir='ltr'><strong>pastorum</strong></span> <span class='ocrx_word' id='word_1_415' title='bbox 1912 3464 2118 3554; x_wconf 84' lang='lat' dir='ltr'><strong>collocabat.</strong></span> 
     </span>
     <span class='ocr_line' id='line_1_32' title="bbox 82 3563 2119 3654; baseline -0.004 -14"><span class='ocrx_word' id='word_1_416' title='bbox 82 3592 169 3640; x_wconf 90' lang='lat' dir='ltr'><strong>men</strong></span> <span class='ocrx_word' id='word_1_417' title='bbox 182 3565 400 3638; x_wconf 88' lang='lat' dir='ltr'><strong>ceremoniae</strong></span> <span class='ocrx_word' id='word_1_418' title='bbox 416 3565 558 3632; x_wconf 84' lang='lat' dir='ltr'><strong>fuerunt</strong></span> <span class='ocrx_word' id='word_1_419' title='bbox 567 3588 576 3648; x_wconf 90' lang='lat'>;</span> <span class='ocrx_word' id='word_1_420' title='bbox 592 3565 651 3632; x_wconf 93' lang='lat' dir='ltr'><strong>sed</strong></span> <span class='ocrx_word' id='word_1_421' title='bbox 669 3577 772 3634; x_wconf 89' lang='lat' dir='ltr'><strong>erant</strong></span> <span class='ocrx_word' id='word_1_422' title='bbox 786 3567 964 3650; x_wconf 88' lang='lat' dir='ltr'><strong>sacrificia,</strong></span> <span class='ocrx_word' id='word_1_423' title='bbox 979 3579 1079 3635; x_wconf 90' lang='lat' dir='ltr'><strong>erant</strong></span> <span class='ocrx_word' id='word_1_424' title='bbox 1128 3563 1232 3633; x_wconf 91' lang='lat' dir='ltr'><strong>Nunc</strong></span> <span class='ocrx_word' id='word_1_425' title='bbox 1244 3566 1346 3635; x_wconf 87' lang='lat' dir='ltr'><strong>discit</strong></span> <span class='ocrx_word' id='word_1_426' title='bbox 1361 3565 1397 3632; x_wconf 94' lang='lat' dir='ltr'><strong>in</strong></span> <span class='ocrx_word' id='word_1_427' title='bbox 1416 3565 1488 3633; x_wconf 90' lang='lat' dir='ltr'><strong>illis</strong></span> <span class='ocrx_word' id='word_1_428' title='bbox 1504 3563 1763 3651; x_wconf 89' lang='lat' dir='ltr'><strong>agnoscereDei</strong></span> <span class='ocrx_word' id='word_1_429' title='bbox 1780 3566 2024 3654; x_wconf 88' lang='lat' dir='ltr'><strong>praesentiam,</strong></span> <span class='ocrx_word' id='word_1_430' title='bbox 2038 3586 2119 3652; x_wconf 88' lang='lat' dir='ltr'><strong>gra·</strong></span> 
     </span>
     <span class='ocr_line' id='line_1_33' title="bbox 83 3663 2118 3755; baseline -0.005 -13"><span class='ocrx_word' id='word_1_431' title='bbox 83 3683 200 3742; x_wconf 87' lang='lat' dir='ltr'><strong>certae</strong></span> <span class='ocrx_word' id='word_1_432' title='bbox 215 3666 405 3750; x_wconf 88' lang='lat' dir='ltr'><strong>lectiones,</strong></span> <span class='ocrx_word' id='word_1_433' title='bbox 429 3677 531 3733; x_wconf 90' lang='lat' dir='ltr'><strong>eraut</strong></span> <span class='ocrx_word' id='word_1_434' title='bbox 557 3665 732 3734; x_wconf 88' lang='lat' dir='ltr'><strong>exercitia.</strong></span> <span class='ocrx_word' id='word_1_435' title='bbox 783 3664 872 3734; x_wconf 89' lang='lat' dir='ltr'><strong>Nam</strong></span> <span class='ocrx_word' id='word_1_436' title='bbox 897 3666 1078 3736; x_wconf 92' lang='lat' dir='ltr'><strong>doctrinae</strong></span> <span class='ocrx_word' id='word_1_437' title='bbox 1128 3665 1193 3733; x_wconf 90' lang='lat' dir='ltr'><strong>tias</strong></span> <span class='ocrx_word' id='word_1_438' title='bbox 1207 3663 1284 3734; x_wconf 89' lang='lat' dir='ltr'><strong>Deo</strong></span> <span class='ocrx_word' id='word_1_439' title='bbox 1306 3690 1407 3753; x_wconf 89' lang='lat' dir='ltr'><strong>agere</strong></span> <span class='ocrx_word' id='word_1_440' title='bbox 1430 3689 1495 3755; x_wconf 92' lang='lat' dir='ltr'><strong>pro</strong></span> <span class='ocrx_word' id='word_1_441' title='bbox 1521 3688 1642 3733; x_wconf 91' lang='lat' dir='ltr'><strong>eorum</strong></span> <span class='ocrx_word' id='word_1_442' title='bbox 1665 3665 1866 3748; x_wconf 87' lang='lat' dir='ltr'><strong>vocatione,</strong></span> <span class='ocrx_word' id='word_1_443' title='bbox 1892 3688 1957 3755; x_wconf 84' lang='lat' dir='ltr'><strong>pro</strong></span> <span class='ocrx_word' id='word_1_444' title='bbox 1982 3665 2118 3733; x_wconf 88' lang='lat' dir='ltr'><strong>miran-</strong></span> 
     </span>
     <span class='ocr_line' id='line_1_34' title="bbox 82 3762 2117 3857; baseline -0.005 -13"><span class='ocrx_word' id='word_1_445' title='bbox 82 3785 121 3844; x_wconf 87' lang='lat' dir='ltr'><strong>et</strong></span> <span class='ocrx_word' id='word_1_446' title='bbox 138 3771 321 3842; x_wconf 90' lang='lat' dir='ltr'><strong>literarum</strong></span> <span class='ocrx_word' id='word_1_447' title='bbox 336 3767 508 3857; x_wconf 89' lang='lat' dir='ltr'><strong>possessio</strong></span> <span class='ocrx_word' id='word_1_448' title='bbox 532 3765 719 3854; x_wconf 90' lang='lat' dir='ltr'><strong>praecipue</strong></span> <span class='ocrx_word' id='word_1_449' title='bbox 740 3765 810 3837; x_wconf 84' lang='lat' dir='ltr'><strong>luit</strong></span> <span class='ocrx_word' id='word_1_450' title='bbox 824 3768 918 3857; x_wconf 87' lang='lat' dir='ltr'><strong>apud</strong></span> <span class='ocrx_word' id='word_1_451' title='bbox 942 3762 1006 3836; x_wconf 90' lang='lat' dir='ltr'><strong>hos</strong></span> <span class='ocrx_word' id='word_1_452' title='bbox 1022 3768 1078 3835; x_wconf 89' lang='lat' dir='ltr'><strong>vi·</strong></span> <span class='ocrx_word' id='word_1_453' title='bbox 1128 3768 1171 3834; x_wconf 93' lang='lat' dir='ltr'><strong>da</strong></span> <span class='ocrx_word' id='word_1_454' title='bbox 1192 3763 1371 3834; x_wconf 88' lang='lat' dir='ltr'><strong>Ecclesiae</strong></span> <span class='ocrx_word' id='word_1_455' title='bbox 1400 3765 1655 3854; x_wconf 84' lang='lat' dir='ltr'><strong>gubernatione</strong></span> <span class='ocrx_word' id='word_1_456' title='bbox 1677 3778 1710 3834; x_wconf 90' lang='lat' dir='ltr'><strong>et</strong></span> <span class='ocrx_word' id='word_1_457' title='bbox 1739 3765 2006 3838; x_wconf 85' lang='lat' dir='ltr'><strong>instauratione.</strong></span> <span class='ocrx_word' id='word_1_458' title='bbox 2058 3764 2117 3834; x_wconf 92' lang='lat' dir='ltr'><strong>Ab</strong></span> 
     </span>
     <span class='ocr_line' id='line_1_35' title="bbox 82 3861 2118 3960; baseline -0.003 -20"><span class='ocrx_word' id='word_1_459' title='bbox 82 3895 156 3957; x_wconf 67' lang='lat' dir='ltr'><strong>ros.=</strong></span> <span class='ocrx_word' id='word_1_460' title='bbox 205 3865 265 3940; x_wconf 92' lang='lat' dir='ltr'><strong>Ab</strong></span> <span class='ocrx_word' id='word_1_461' title='bbox 281 3869 366 3960; x_wconf 93' lang='lat' dir='ltr'><strong>ipsis</strong></span> <span class='ocrx_word' id='word_1_462' title='bbox 381 3863 615 3956; x_wconf 89' lang='lat' dir='ltr'><strong>theologiam,</strong></span> <span class='ocrx_word' id='word_1_463' title='bbox 637 3861 847 3953; x_wconf 89' lang='lat' dir='ltr'><strong>historiam,</strong></span> <span class='ocrx_word' id='word_1_464' title='bbox 865 3869 1077 3937; x_wconf 89' lang='lat' dir='ltr'><strong>medicinam</strong></span> <span class='ocrx_word' id='word_1_465' title='bbox 1127 3862 1185 3935; x_wconf 89' lang='lat' dir='ltr'><strong>his</strong></span> <span class='ocrx_word' id='word_1_466' title='bbox 1206 3868 1364 3957; x_wconf 86' lang='lat' dir='ltr'><strong>exempla</strong></span> <span class='ocrx_word' id='word_1_467' title='bbox 1384 3869 1523 3936; x_wconf 86' lang='lat' dir='ltr'><strong>timoris</strong></span> <span class='ocrx_word' id='word_1_468' title='bbox 1544 3866 1631 3950; x_wconf 90' lang='lat' dir='ltr'><strong>Dei,</strong></span> <span class='ocrx_word' id='word_1_469' title='bbox 1662 3867 1763 3951; x_wconf 88' lang='lat' dir='ltr'><strong>fidei,</strong></span> <span class='ocrx_word' id='word_1_470' title='bbox 1795 3866 2041 3949; x_wconf 84' lang='lat' dir='ltr'><strong>confessionis,</strong></span> <span class='ocrx_word' id='word_1_471' title='bbox 2063 3878 2118 3933; x_wconf 86' lang='lat' dir='ltr'><strong>to·</strong></span> 
     </span>
     <span class='ocr_line' id='line_1_36' title="bbox 80 3962 2118 4064; baseline -0.006 -18"><span class='ocrx_word' id='word_1_472' title='bbox 80 3972 294 4064; x_wconf 87' lang='lat' dir='ltr'><strong>accepimus,</strong></span> <span class='ocrx_word' id='word_1_473' title='bbox 344 3968 461 4039; x_wconf 89' lang='lat' dir='ltr'><strong>Multa</strong></span> <span class='ocrx_word' id='word_1_474' title='bbox 485 3968 595 4056; x_wconf 90' lang='lat' dir='ltr'><strong>igitur</strong></span> <span class='ocrx_word' id='word_1_475' title='bbox 615 3967 723 4037; x_wconf 87' lang='lat' dir='ltr'><strong>fuisse</strong></span> <span class='ocrx_word' id='word_1_476' title='bbox 740 3969 929 4039; x_wconf 85' lang='lat' dir='ltr'><strong>domestica</strong></span> <span class='ocrx_word' id='word_1_477' title='bbox 947 3969 1078 4039; x_wconf 82' lang='lat' dir='ltr'><strong>exerci-</strong></span> <span class='ocrx_word' id='word_1_478' title='bbox 1127 3967 1297 4037; x_wconf 85' lang='lat' dir='ltr'><strong>lerantiae</strong></span> <span class='ocrx_word' id='word_1_479' title='bbox 1319 3984 1354 4040; x_wconf 90' lang='lat' dir='ltr'><strong>et</strong></span> <span class='ocrx_word' id='word_1_480' title='bbox 1372 3969 1521 4038; x_wconf 87' lang='lat' dir='ltr'><strong>aliarum</strong></span> <span class='ocrx_word' id='word_1_481' title='bbox 1542 3969 1715 4037; x_wconf 88' lang='lat' dir='ltr'><strong>virtutum</strong></span> <span class='ocrx_word' id='word_1_482' title='bbox 1740 3968 1838 4058; x_wconf 89' lang='lat' dir='ltr'><strong>petit.</strong></span> <span class='ocrx_word' id='word_1_483' title='bbox 1889 3966 1933 4036; x_wconf 93' lang='lat' dir='ltr'><strong>ln</strong></span> <span class='ocrx_word' id='word_1_484' title='bbox 1957 3962 2023 4035; x_wconf 94' lang='lat' dir='ltr'><strong>hos</strong></span> <span class='ocrx_word' id='word_1_485' title='bbox 2037 3980 2118 4035; x_wconf 88' lang='lat' dir='ltr'><strong>tan·</strong></span> 
     </span>
     <span class='ocr_line' id='line_1_37' title="bbox 82 4063 2117 4163; baseline -0.005 -20"><span class='ocrx_word' id='word_1_486' title='bbox 82 4076 136 4149; x_wconf 88' lang='lat' dir='ltr'><strong>tia</strong></span> <span class='ocrx_word' id='word_1_487' title='bbox 159 4094 298 4143; x_wconf 89' lang='lat' dir='ltr'><strong>necesse</strong></span> <span class='ocrx_word' id='word_1_488' title='bbox 320 4085 391 4155; x_wconf 91' lang='lat' dir='ltr'><strong>est,</strong></span> <span class='ocrx_word' id='word_1_489' title='bbox 424 4069 556 4163; x_wconf 83' lang='lat' dir='ltr'><strong>quibus</strong></span> <span class='ocrx_word' id='word_1_490' title='bbox 577 4069 704 4138; x_wconf 87' lang='lat' dir='ltr'><strong>rudior</strong></span> <span class='ocrx_word' id='word_1_491' title='bbox 726 4083 820 4139; x_wconf 92' lang='lat' dir='ltr'><strong>aetas</strong></span> <span class='ocrx_word' id='word_1_492' title='bbox 840 4072 885 4140; x_wconf 88' lang='lat' dir='ltr'><strong>ad</strong></span> <span class='ocrx_word' id='word_1_493' title='bbox 909 4072 1077 4142; x_wconf 90' lang='lat' dir='ltr'><strong>virtutem</strong></span> <span class='ocrx_word' id='word_1_494' title='bbox 1127 4093 1234 4162; x_wconf 90' lang='lat' dir='ltr'><strong>quam</strong></span> <span class='ocrx_word' id='word_1_495' title='bbox 1253 4070 1555 4139; x_wconf 87' lang='lat' dir='ltr'><strong>ducesetlumina</strong></span> <span class='ocrx_word' id='word_1_496' title='bbox 1572 4070 1747 4153; x_wconf 89' lang='lat' dir='ltr'><strong>intuetur,</strong></span> <span class='ocrx_word' id='word_1_497' title='bbox 1774 4063 1903 4138; x_wconf 90' lang='lat' dir='ltr'><strong>horum</strong></span> <span class='ocrx_word' id='word_1_498' title='bbox 1918 4067 2117 4137; x_wconf 91' lang='lat' dir='ltr'><strong>doctrinam</strong></span> 
     </span>
     <span class='ocr_line' id='line_1_38' title="bbox 80 4168 2117 4263; baseline -0.007 -14"><span class='ocrx_word' id='word_1_499' title='bbox 80 4176 273 4249; x_wconf 83' lang='lat' dir='ltr'><strong>assuefacta</strong></span> <span class='ocrx_word' id='word_1_500' title='bbox 295 4184 357 4246; x_wconf 83' lang='lat' dir='ltr'><strong>est.</strong></span> <span class='ocrx_word' id='word_1_501' title='bbox 1127 4170 1278 4263; x_wconf 89' lang='lat' dir='ltr'><strong>inquirit</strong></span> <span class='ocrx_word' id='word_1_502' title='bbox 1300 4172 1345 4240; x_wconf 91' lang='lat' dir='ltr'><strong>ad</strong></span> <span class='ocrx_word' id='word_1_503' title='bbox 1366 4171 1642 4240; x_wconf 85' lang='lat' dir='ltr'><strong>confirmandam</strong></span> <span class='ocrx_word' id='word_1_504' title='bbox 1663 4170 1779 4243; x_wconf 86' lang='lat' dir='ltr'><strong>fidem.</strong></span> <span class='ocrx_word' id='word_1_505' title='bbox 1830 4168 1994 4261; x_wconf 90' lang='lat' dir='ltr'><strong>Denique</strong></span> <span class='ocrx_word' id='word_1_506' title='bbox 2008 4191 2117 4236; x_wconf 88' lang='lat' dir='ltr'><strong>vene·</strong></span> 
     </span>
     <span class='ocr_line' id='line_1_39' title="bbox 186 4264 2116 4364; baseline -0.004 -20"><span class='ocrx_word' id='word_1_507' title='bbox 186 4271 302 4344; x_wconf 76' lang='lat' dir='ltr'><strong>Sexto</strong></span> <span class='ocrx_word' id='word_1_508' title='bbox 314 4274 411 4356; x_wconf 90' lang='lat' dir='ltr'><strong>loco,</strong></span> <span class='ocrx_word' id='word_1_509' title='bbox 435 4271 542 4340; x_wconf 86' lang='lat' dir='ltr'><strong>etiam</strong></span> <span class='ocrx_word' id='word_1_510' title='bbox 562 4270 649 4340; x_wconf 89' lang='lat' dir='ltr'><strong>vitia</strong></span> <span class='ocrx_word' id='word_1_511' title='bbox 672 4283 706 4340; x_wconf 90' lang='lat' dir='ltr'><strong>et</strong></span> <span class='ocrx_word' id='word_1_512' title='bbox 727 4270 845 4362; x_wconf 87' lang='lat' dir='ltr'><strong>lapsus</strong></span> <span class='ocrx_word' id='word_1_513' title='bbox 857 4294 1077 4341; x_wconf 91' lang='lat' dir='ltr'><strong>summorum</strong></span> <span class='ocrx_word' id='word_1_514' title='bbox 1127 4286 1227 4341; x_wconf 91' lang='lat' dir='ltr'><strong>ratur</strong></span> <span class='ocrx_word' id='word_1_515' title='bbox 1251 4284 1418 4364; x_wconf 81' lang='lat' dir='ltr'><strong>tanquam</strong></span> <span class='ocrx_word' id='word_1_516' title='bbox 1443 4285 1560 4362; x_wconf 90' lang='lat' dir='ltr'><strong>patres</strong></span> <span class='ocrx_word' id='word_1_517' title='bbox 1582 4282 1739 4354; x_wconf 90' lang='lat' dir='ltr'><strong>nostros,</strong></span> <span class='ocrx_word' id='word_1_518' title='bbox 1766 4264 1832 4337; x_wconf 93' lang='lat' dir='ltr'><strong>hoc</strong></span> <span class='ocrx_word' id='word_1_519' title='bbox 1855 4283 1923 4355; x_wconf 84' lang='lat' dir='ltr'><strong>est,</strong></span> <span class='ocrx_word' id='word_1_520' title='bbox 1955 4270 2116 4338; x_wconf 90' lang='lat' dir='ltr'><strong>doctores</strong></span> 
     </span>
     <span class='ocr_line' id='line_1_40' title="bbox 81 4365 2116 4461; baseline -0.007 -11"><span class='ocrx_word' id='word_1_521' title='bbox 81 4379 245 4450; x_wconf 89' lang='lat' dir='ltr'><strong>virorum</strong></span> <span class='ocrx_word' id='word_1_522' title='bbox 270 4373 550 4444; x_wconf 90' lang='lat' dir='ltr'><strong>considerentur.</strong></span> <span class='ocrx_word' id='word_1_523' title='bbox 602 4369 736 4461; x_wconf 90' lang='lat' dir='ltr'><strong>Magna</strong></span> <span class='ocrx_word' id='word_1_524' title='bbox 760 4396 843 4442; x_wconf 88' lang='lat' dir='ltr'><strong>cura</strong></span> <span class='ocrx_word' id='word_1_525' title='bbox 866 4388 1006 4457; x_wconf 89' lang='lat' dir='ltr'><strong>cavent,</strong></span> <span class='ocrx_word' id='word_1_526' title='bbox 1032 4397 1077 4442; x_wconf 89' lang='lat' dir='ltr'><strong>ne</strong></span> <span class='ocrx_word' id='word_1_527' title='bbox 1128 4365 1372 4441; x_wconf 85' lang='lat' dir='ltr'><strong>invocantium</strong></span> <span class='ocrx_word' id='word_1_528' title='bbox 1397 4368 1598 4454; x_wconf 86' lang='lat' dir='ltr'><strong>Christum,</strong></span> <span class='ocrx_word' id='word_1_529' title='bbox 1625 4385 1658 4440; x_wconf 89' lang='lat' dir='ltr'><strong>et</strong></span> <span class='ocrx_word' id='word_1_530' title='bbox 1678 4371 1862 4458; x_wconf 92' lang='lat' dir='ltr'><strong>intelligit,</strong></span> <span class='ocrx_word' id='word_1_531' title='bbox 1884 4366 2116 4440; x_wconf 80' lang='lat' dir='ltr'><strong>nosessel’a-</strong></span> 
     </span>
     <span class='ocr_line' id='line_1_41' title="bbox 78 4467 2119 4563; baseline -0.005 -14"><span class='ocrx_word' id='word_1_532' title='bbox 78 4493 192 4554; x_wconf 88' lang='lat' dir='ltr'><strong>ruant</strong></span> <span class='ocrx_word' id='word_1_533' title='bbox 214 4491 335 4547; x_wconf 89' lang='lat' dir='ltr'><strong>contra</strong></span> <span class='ocrx_word' id='word_1_534' title='bbox 354 4474 623 4556; x_wconf 90' lang='lat' dir='ltr'><strong>conscientiam,</strong></span> <span class='ocrx_word' id='word_1_535' title='bbox 654 4475 715 4542; x_wconf 90' lang='lat' dir='ltr'><strong>sed</strong></span> <span class='ocrx_word' id='word_1_536' title='bbox 735 4474 900 4544; x_wconf 89' lang='lat' dir='ltr'><strong>accidunt</strong></span> <span class='ocrx_word' id='word_1_537' title='bbox 922 4475 1079 4543; x_wconf 86' lang='lat' dir='ltr'><strong>nolenti·</strong></span> <span class='ocrx_word' id='word_1_538' title='bbox 1127 4487 1198 4542; x_wconf 89' lang='lat' dir='ltr'><strong>tres</strong></span> <span class='ocrx_word' id='word_1_539' title='bbox 1231 4472 1505 4563; x_wconf 85' lang='lat' dir='ltr'><strong>parricidarum,</strong></span> <span class='ocrx_word' id='word_1_540' title='bbox 1539 4472 1751 4542; x_wconf 88' lang='lat' dir='ltr'><strong>ludaeocum</strong></span> <span class='ocrx_word' id='word_1_541' title='bbox 1781 4484 1814 4540; x_wconf 92' lang='lat' dir='ltr'><strong>et</strong></span> <span class='ocrx_word' id='word_1_542' title='bbox 1847 4472 2020 4550; x_wconf 88' lang='lat' dir='ltr'><strong>aliorum,</strong></span> <span class='ocrx_word' id='word_1_543' title='bbox 2054 4467 2119 4561; x_wconf 81' lang='lat' dir='ltr'><strong>qui¹</strong></span> 
     </span>
     <span class='ocr_line' id='line_1_42' title="bbox 79 4569 2115 4668; baseline -0.008 -13"><span class='ocrx_word' id='word_1_544' title='bbox 79 4585 152 4655; x_wconf 85' lang='lat' dir='ltr'><strong>bus</strong></span> <span class='ocrx_word' id='word_1_545' title='bbox 166 4592 228 4650; x_wconf 89' lang='lat' dir='ltr'><strong>aut</strong></span> <span class='ocrx_word' id='word_1_546' title='bbox 252 4577 498 4668; x_wconf 85' lang='lat' dir='ltr'><strong>ignorantibus</strong></span> <span class='ocrx_word' id='word_1_547' title='bbox 514 4575 688 4667; x_wconf 90' lang='lat' dir='ltr'><strong>quaedam</strong></span> <span class='ocrx_word' id='word_1_548' title='bbox 704 4575 932 4645; x_wconf 82' lang='lat' dir='ltr'><strong>offensiones.</strong></span> <span class='ocrx_word' id='word_1_549' title='bbox 982 4570 1077 4645; x_wconf 91' lang='lat' dir='ltr'><strong>Loth</strong></span> <span class='ocrx_word' id='word_1_550' title='bbox 1126 4569 1310 4645; x_wconf 87' lang='lat' dir='ltr'><strong>Christum</strong></span> <span class='ocrx_word' id='word_1_551' title='bbox 1339 4574 1492 4644; x_wconf 93' lang='lat' dir='ltr'><strong>ludibris</strong></span> <span class='ocrx_word' id='word_1_552' title='bbox 1511 4569 1642 4646; x_wconf 92' lang='lat' dir='ltr'><strong>habent</strong></span> <span class='ocrx_word' id='word_1_553' title='bbox 1666 4587 1698 4643; x_wconf 92' lang='lat' dir='ltr'><strong>et</strong></span> <span class='ocrx_word' id='word_1_554' title='bbox 1722 4572 1880 4664; x_wconf 89' lang='lat' dir='ltr'><strong>quotidie</strong></span> <span class='ocrx_word' id='word_1_555' title='bbox 1896 4571 2115 4659; x_wconf 84' lang='lat' dir='ltr'><strong>crucifigunt.</strong></span> 
     </span>
     <span class='ocr_line' id='line_1_43' title="bbox 79 4666 2116 4772; baseline -0.008 -16"><span class='ocrx_word' id='word_1_556' title='bbox 79 4686 123 4756; x_wconf 90' lang='lat' dir='ltr'><strong>in</strong></span> <span class='ocrx_word' id='word_1_557' title='bbox 135 4703 265 4772; x_wconf 88' lang='lat' dir='ltr'><strong>magno</strong></span> <span class='ocrx_word' id='word_1_558' title='bbox 280 4666 391 4749; x_wconf 85' lang='lat' dir='ltr'><strong>animi</strong></span> <span class='ocrx_word' id='word_1_559' title='bbox 407 4678 544 4762; x_wconf 91' lang='lat' dir='ltr'><strong>dolore,</strong></span> <span class='ocrx_word' id='word_1_560' title='bbox 570 4699 649 4746; x_wconf 93' lang='lat' dir='ltr'><strong>cum</strong></span> <span class='ocrx_word' id='word_1_561' title='bbox 666 4676 798 4764; x_wconf 89' lang='lat' dir='ltr'><strong>largius</strong></span> <span class='ocrx_word' id='word_1_562' title='bbox 812 4677 969 4760; x_wconf 88' lang='lat' dir='ltr'><strong>bibisset,</strong></span> <span class='ocrx_word' id='word_1_563' title='bbox 994 4677 1076 4766; x_wconf 92' lang='lat' dir='ltr'><strong>pol·</strong></span> <span class='ocrx_word' id='word_1_564' title='bbox 1125 4673 1288 4746; x_wconf 84' lang='lat' dir='ltr'><strong>Profecto</strong></span> <span class='ocrx_word' id='word_1_565' title='bbox 1304 4676 1434 4768; x_wconf 89' lang='lat' dir='ltr'><strong>aliquis</strong></span> <span class='ocrx_word' id='word_1_566' title='bbox 1448 4678 1493 4745; x_wconf 89' lang='lat' dir='ltr'><strong>ad</strong></span> <span class='ocrx_word' id='word_1_567' title='bbox 1509 4677 1674 4766; x_wconf 87' lang='lat' dir='ltr'><strong>pietatem</strong></span> <span class='ocrx_word' id='word_1_568' title='bbox 1695 4676 1822 4763; x_wconf 84' lang='lat' dir='ltr'><strong>gradus</strong></span> <span class='ocrx_word' id='word_1_569' title='bbox 1837 4688 1906 4758; x_wconf 91' lang='lat' dir='ltr'><strong>est,</strong></span> <span class='ocrx_word' id='word_1_570' title='bbox 1933 4695 2035 4741; x_wconf 92' lang='lat' dir='ltr'><strong>nosse</strong></span> <span class='ocrx_word' id='word_1_571' title='bbox 2049 4673 2116 4740; x_wconf 90' lang='lat' dir='ltr'><strong>do·</strong></span> 
     </span>
     <span class='ocr_line' id='line_1_44' title="bbox 80 4767 2115 4865; baseline -0.009 -6"><span class='ocrx_word' id='word_1_572' title='bbox 80 4786 196 4859; x_wconf 88' lang='lat' dir='ltr'><strong>luitur</strong></span> <span class='ocrx_word' id='word_1_573' title='bbox 209 4784 342 4853; x_wconf 90' lang='lat' dir='ltr'><strong>incesto</strong></span> <span class='ocrx_word' id='word_1_574' title='bbox 359 4780 561 4851; x_wconf 90' lang='lat' dir='ltr'><strong>concubitu.</strong></span> <span class='ocrx_word' id='word_1_575' title='bbox 610 4774 682 4847; x_wconf 89' lang='lat' dir='ltr'><strong>Sed</strong></span> <span class='ocrx_word' id='word_1_576' title='bbox 703 4778 892 4848; x_wconf 88' lang='lat' dir='ltr'><strong>discrimen</strong></span> <span class='ocrx_word' id='word_1_577' title='bbox 915 4778 1077 4846; x_wconf 89' lang='lat' dir='ltr'><strong>conside·</strong></span> <span class='ocrx_word' id='word_1_578' title='bbox 1126 4777 1276 4846; x_wconf 89' lang='lat' dir='ltr'><strong>ctrinam</strong></span> <span class='ocrx_word' id='word_1_579' title='bbox 1300 4773 1484 4862; x_wconf 88' lang='lat' dir='ltr'><strong>Abrahae,</strong></span> <span class='ocrx_word' id='word_1_580' title='bbox 1512 4776 1626 4861; x_wconf 86' lang='lat' dir='ltr'><strong>lsaac,</strong></span> <span class='ocrx_word' id='word_1_581' title='bbox 1653 4772 1776 4858; x_wconf 83' lang='lat' dir='ltr'><strong>lacob,</strong></span> <span class='ocrx_word' id='word_1_582' title='bbox 1808 4769 1956 4865; x_wconf 89' lang='lat' dir='ltr'><strong>loseph,</strong></span> <span class='ocrx_word' id='word_1_583' title='bbox 1991 4787 2024 4843; x_wconf 92' lang='lat' dir='ltr'><strong>et</strong></span> <span class='ocrx_word' id='word_1_584' title='bbox 2049 4767 2115 4841; x_wconf 91' lang='lat' dir='ltr'><strong>hos</strong></span> 
     </span>
     <span class='ocr_line' id='line_1_45' title="bbox 77 4870 2115 4968; baseline -0.011 -5"><span class='ocrx_word' id='word_1_585' title='bbox 77 4902 192 4962; x_wconf 82' lang='lat' dir='ltr'><strong>retur.</strong></span> <span class='ocrx_word' id='word_1_586' title='bbox 242 4882 318 4968; x_wconf 90' lang='lat' dir='ltr'><strong>Pii,</strong></span> <span class='ocrx_word' id='word_1_587' title='bbox 342 4895 383 4952; x_wconf 88' lang='lat' dir='ltr'><strong>ut</strong></span> <span class='ocrx_word' id='word_1_588' title='bbox 396 4881 484 4967; x_wconf 86' lang='lat' dir='ltr'><strong>dixi,</strong></span> <span class='ocrx_word' id='word_1_589' title='bbox 508 4891 645 4962; x_wconf 91' lang='lat' dir='ltr'><strong>cavent,</strong></span> <span class='ocrx_word' id='word_1_590' title='bbox 669 4903 718 4947; x_wconf 88' lang='lat' dir='ltr'><strong>ne</strong></span> <span class='ocrx_word' id='word_1_591' title='bbox 730 4893 837 4949; x_wconf 89' lang='lat' dir='ltr'><strong>ruant</strong></span> <span class='ocrx_word' id='word_1_592' title='bbox 851 4893 972 4949; x_wconf 83' lang='lat' dir='ltr'><strong>contra</strong></span> <span class='ocrx_word' id='word_1_593' title='bbox 990 4902 1076 4949; x_wconf 87' lang='lat' dir='ltr'><strong>con·</strong></span> <span class='ocrx_word' id='word_1_594' title='bbox 1125 4878 1220 4948; x_wconf 90' lang='lat' dir='ltr'><strong>viros</strong></span> <span class='ocrx_word' id='word_1_595' title='bbox 1241 4879 1483 4967; x_wconf 84' lang='lat' dir='ltr'><strong>magnifacere.</strong></span> <span class='ocrx_word' id='word_1_596' title='bbox 1544 4877 1592 4949; x_wconf 90' lang='lat' dir='ltr'><strong>Ut</strong></span> <span class='ocrx_word' id='word_1_597' title='bbox 1622 4888 1740 4946; x_wconf 90' lang='lat' dir='ltr'><strong>autem</strong></span> <span class='ocrx_word' id='word_1_598' title='bbox 1760 4870 1849 4944; x_wconf 89' lang='lat' dir='ltr'><strong>haec</strong></span> <span class='ocrx_word' id='word_1_599' title='bbox 1871 4872 2047 4945; x_wconf 88' lang='lat' dir='ltr'><strong>enarratio</strong></span> <span class='ocrx_word' id='word_1_600' title='bbox 2071 4873 2115 4942; x_wconf 88' lang='lat' dir='ltr'><strong>ad</strong></span> 
     </span>
     <span class='ocr_line' id='line_1_46' title="bbox 78 4977 2116 5076; baseline -0.009 -15"><span class='ocrx_word' id='word_1_601' title='bbox 78 4988 282 5071; x_wconf 73' lang='lat' dir='ltr'><strong>scientim,</strong></span> <span class='ocrx_word' id='word_1_602' title='bbox 308 4983 399 5076; x_wconf 91' lang='lat' dir='ltr'><strong>lapsi</strong></span> <span class='ocrx_word' id='word_1_603' title='bbox 411 5006 496 5051; x_wconf 92' lang='lat' dir='ltr'><strong>vero</strong></span> <span class='ocrx_word' id='word_1_604' title='bbox 512 4980 698 5071; x_wconf 89' lang='lat' dir='ltr'><strong>deplorant</strong></span> <span class='ocrx_word' id='word_1_605' title='bbox 711 4980 952 5050; x_wconf 85' lang='lat' dir='ltr'><strong>infirmitatem</strong></span> <span class='ocrx_word' id='word_1_606' title='bbox 969 5003 1076 5069; x_wconf 91' lang='lat' dir='ltr'><strong>gene·</strong></span> <span class='ocrx_word' id='word_1_607' title='bbox 1124 4979 1242 5069; x_wconf 88' lang='lat' dir='ltr'><strong>plures</strong></span> <span class='ocrx_word' id='word_1_608' title='bbox 1262 4981 1359 5049; x_wconf 87' lang='lat' dir='ltr'><strong>acad</strong></span> <span class='ocrx_word' id='word_1_609' title='bbox 1376 4979 1615 5069; x_wconf 87' lang='lat' dir='ltr'><strong>posteritatem</strong></span> <span class='ocrx_word' id='word_1_610' title='bbox 1630 4977 1847 5067; x_wconf 91' lang='lat' dir='ltr'><strong>perveniret,</strong></span> <span class='ocrx_word' id='word_1_611' title='bbox 1872 5000 1951 5046; x_wconf 90' lang='lat' dir='ltr'><strong>cum</strong></span> <span class='ocrx_word' id='word_1_612' title='bbox 1967 4998 2041 5043; x_wconf 93' lang='lat' dir='ltr'><strong>non</strong></span> <span class='ocrx_word' id='word_1_613' title='bbox 2054 4997 2116 5042; x_wconf 89' lang='lat' dir='ltr'><strong>va·</strong></span> 
     </span>
     <span class='ocr_line' id='line_1_47' title="bbox 76 5074 2116 5175; baseline -0.01 -11"><span class='ocrx_word' id='word_1_614' title='bbox 76 5092 130 5164; x_wconf 89' lang='lat' dir='ltr'><strong>ris</strong></span> <span class='ocrx_word' id='word_1_615' title='bbox 150 5085 317 5171; x_wconf 90' lang='lat' dir='ltr'><strong>humani,</strong></span> <span class='ocrx_word' id='word_1_616' title='bbox 351 5084 493 5154; x_wconf 90' lang='lat' dir='ltr'><strong>discunt</strong></span> <span class='ocrx_word' id='word_1_617' title='bbox 515 5104 605 5175; x_wconf 87' lang='lat' dir='ltr'><strong>quae</strong></span> <span class='ocrx_word' id='word_1_618' title='bbox 628 5081 796 5151; x_wconf 88' lang='lat' dir='ltr'><strong>beneficia</strong></span> <span class='ocrx_word' id='word_1_619' title='bbox 821 5096 966 5173; x_wconf 88' lang='lat' dir='ltr'><strong>propter</strong></span> <span class='ocrx_word' id='word_1_620' title='bbox 987 5105 1075 5149; x_wconf 91' lang='lat' dir='ltr'><strong>ven·</strong></span> <span class='ocrx_word' id='word_1_621' title='bbox 1125 5096 1221 5152; x_wconf 86' lang='lat' dir='ltr'><strong>caret</strong></span> <span class='ocrx_word' id='word_1_622' title='bbox 1234 5075 1279 5155; x_wconf 87' lang='lat' dir='ltr'><strong>D.</strong></span> <span class='ocrx_word' id='word_1_623' title='bbox 1292 5074 1462 5149; x_wconf 84' lang='lat' dir='ltr'><strong>Lulhcro</strong></span> <span class='ocrx_word' id='word_1_624' title='bbox 1486 5105 1562 5149; x_wconf 90' lang='lat' dir='ltr'><strong>eam</strong></span> <span class='ocrx_word' id='word_1_625' title='bbox 1585 5078 1698 5149; x_wconf 89' lang='lat' dir='ltr'><strong>literis</strong></span> <span class='ocrx_word' id='word_1_626' title='bbox 1717 5079 1906 5170; x_wconf 84' lang='lat' dir='ltr'><strong>mandare,</strong></span> <span class='ocrx_word' id='word_1_627' title='bbox 1933 5099 1995 5166; x_wconf 89' lang='lat' dir='ltr'><strong>ego</strong></span> <span class='ocrx_word' id='word_1_628' title='bbox 2016 5097 2116 5144; x_wconf 84' lang='lat' dir='ltr'><strong>exce-</strong></span> 
     </span>
     <span class='ocr_line' id='line_1_48' title="bbox 77 5177 2116 5275; baseline -0.009 -14"><span class='ocrx_word' id='word_1_629' title='bbox 77 5209 202 5268; x_wconf 83' lang='lat' dir='ltr'><strong>tnrnm</strong></span> <span class='ocrx_word' id='word_1_630' title='bbox 216 5190 442 5260; x_wconf 89' lang='lat' dir='ltr'><strong>liberatorem</strong></span> <span class='ocrx_word' id='word_1_631' title='bbox 458 5184 630 5275; x_wconf 88' lang='lat' dir='ltr'><strong>promissa</strong></span> <span class='ocrx_word' id='word_1_632' title='bbox 646 5182 731 5263; x_wconf 86' lang='lat' dir='ltr'><strong>sint,</strong></span> <span class='ocrx_word' id='word_1_633' title='bbox 746 5196 942 5271; x_wconf 90' lang='lat' dir='ltr'><strong>agnoscunt</strong></span> <span class='ocrx_word' id='word_1_634' title='bbox 956 5180 1074 5253; x_wconf 92' lang='lat' dir='ltr'><strong>Deum</strong></span> <span class='ocrx_word' id='word_1_635' title='bbox 1123 5195 1219 5271; x_wconf 94' lang='lat' dir='ltr'><strong>ptam</strong></span> <span class='ocrx_word' id='word_1_636' title='bbox 1236 5183 1273 5250; x_wconf 92' lang='lat' dir='ltr'><strong>in</strong></span> <span class='ocrx_word' id='word_1_637' title='bbox 1290 5177 1410 5253; x_wconf 90' lang='lat' dir='ltr'><strong>schola</strong></span> <span class='ocrx_word' id='word_1_638' title='bbox 1425 5205 1561 5252; x_wconf 90' lang='lat' dir='ltr'><strong>summa</strong></span> <span class='ocrx_word' id='word_1_639' title='bbox 1577 5179 1761 5267; x_wconf 86' lang='lat' dir='ltr'><strong>diligentia</strong></span> <span class='ocrx_word' id='word_1_640' title='bbox 1777 5193 1810 5247; x_wconf 91' lang='lat' dir='ltr'><strong>et</strong></span> <span class='ocrx_word' id='word_1_641' title='bbox 1827 5178 2003 5248; x_wconf 88' lang='lat' dir='ltr'><strong>celeritate</strong></span> <span class='ocrx_word' id='word_1_642' title='bbox 2017 5199 2116 5244; x_wconf 83' lang='lat' dir='ltr'><strong>meo·</strong></span> 
     </span>
     <span class='ocr_line' id='line_1_49' title="bbox 75 5268 2117 5390; baseline -0.009 -27"><span class='ocrx_word' id='word_1_643' title='bbox 75 5319 141 5390; x_wconf 84' lang='lat' dir='ltr'><strong>per</strong></span> <span class='ocrx_word' id='word_1_644' title='bbox 163 5289 443 5362; x_wconf 88' lang='lat' dir='ltr'><strong>misericordiam</strong></span> <span class='ocrx_word' id='word_1_645' title='bbox 458 5298 604 5377; x_wconf 90' lang='lat' dir='ltr'><strong>propter</strong></span> <span class='ocrx_word' id='word_1_646' title='bbox 627 5283 730 5353; x_wconf 92' lang='lat' dir='ltr'><strong>illum</strong></span> <span class='ocrx_word' id='word_1_647' title='bbox 745 5284 973 5354; x_wconf 89' lang='lat' dir='ltr'><strong>liberatorem</strong></span> <span class='ocrx_word' id='word_1_648' title='bbox 988 5307 1074 5374; x_wconf 89' lang='lat' dir='ltr'><strong>pro-</strong></span> <span class='ocrx_word' id='word_1_649' title='bbox 1122 5306 1202 5353; x_wconf 89' lang='lat' dir='ltr'><strong>rum</strong></span> <span class='ocrx_word' id='word_1_650' title='bbox 1218 5283 1431 5369; x_wconf 87' lang='lat' dir='ltr'><strong>amicorum,</strong></span> <span class='ocrx_word' id='word_1_651' title='bbox 1456 5281 1603 5374; x_wconf 89' lang='lat' dir='ltr'><strong>Caspari</strong></span> <span class='ocrx_word' id='word_1_652' title='bbox 1618 5268 1810 5372; x_wconf 82' lang='lat' dir='ltr'><strong>Crucigeri</strong></span> <span class='ocrx_word' id='word_1_653' title='bbox 1825 5292 1858 5349; x_wconf 91' lang='lat' dir='ltr'><strong>et</strong></span> <span class='ocrx_word' id='word_1_654' title='bbox 1875 5277 2022 5367; x_wconf 91' lang='lat' dir='ltr'><strong>Georgii</strong></span> <span class='ocrx_word' id='word_1_655' title='bbox 2034 5270 2117 5346; x_wconf 85' lang='lat' dir='ltr'><strong>Ro·</strong></span> 
     </span>
     <span class='ocr_line' id='line_1_50' title="bbox 74 5379 2117 5481; baseline -0.011 -13"><span class='ocrx_word' id='word_1_656' title='bbox 74 5398 219 5468; x_wconf 86' lang='lat' dir='ltr'><strong>missam</strong></span> <span class='ocrx_word' id='word_1_657' title='bbox 231 5391 388 5481; x_wconf 87' lang='lat' dir='ltr'><strong>recipere</strong></span> <span class='ocrx_word' id='word_1_658' title='bbox 405 5410 481 5472; x_wconf 90' lang='lat' dir='ltr'><strong>eos,</strong></span> <span class='ocrx_word' id='word_1_659' title='bbox 505 5387 568 5480; x_wconf 88' lang='lat' dir='ltr'><strong>qui</strong></span> <span class='ocrx_word' id='word_1_660' title='bbox 582 5385 710 5455; x_wconf 88' lang='lat' dir='ltr'><strong>fiducia</strong></span> <span class='ocrx_word' id='word_1_661' title='bbox 728 5385 796 5458; x_wconf 70' lang='lat' dir='ltr'><strong>illa⁴</strong></span> <span class='ocrx_word' id='word_1_662' title='bbox 805 5385 1072 5456; x_wconf 89' lang='lat' dir='ltr'><strong>misericordiae</strong></span> <span class='ocrx_word' id='word_1_663' title='bbox 1125 5381 1238 5470; x_wconf 79' lang='lat' dir='ltr'><strong>rarii,</strong></span> <span class='ocrx_word' id='word_1_664' title='bbox 1267 5386 1410 5474; x_wconf 90' lang='lat' dir='ltr'><strong>collegi,</strong></span> <span class='ocrx_word' id='word_1_665' title='bbox 1443 5396 1478 5456; x_wconf 90' lang='lat' dir='ltr'><strong>et</strong></span> <span class='ocrx_word' id='word_1_666' title='bbox 1501 5385 1595 5454; x_wconf 88' lang='lat' dir='ltr'><strong>hona</strong></span> <span class='ocrx_word' id='word_1_667' title='bbox 1621 5383 1690 5452; x_wconf 88' lang='lat' dir='ltr'><strong>tide</strong></span> <span class='ocrx_word' id='word_1_668' title='bbox 1704 5383 1754 5450; x_wconf 83' lang='lat' dir='ltr'><strong>&#39;in</strong></span> <span class='ocrx_word' id='word_1_669' title='bbox 1775 5382 1894 5451; x_wconf 90' lang='lat' dir='ltr'><strong>literas</strong></span> <span class='ocrx_word' id='word_1_670' title='bbox 1919 5379 2043 5462; x_wconf 89' lang='lat' dir='ltr'><strong>retuli,</strong></span> <span class='ocrx_word' id='word_1_671' title='bbox 2077 5400 2117 5447; x_wconf 88' lang='lat' dir='ltr'><strong>ac</strong></span> 
     </span>
     <span class='ocr_line' id='line_1_51' title="bbox 73 5481 2073 5593; baseline -0.006 -29"><span class='ocrx_word' id='word_1_672' title='bbox 73 5497 268 5592; x_wconf 79' lang='lat' dir='ltr'><strong>promissae</strong></span> <span class='ocrx_word' id='word_1_673' title='bbox 286 5493 332 5564; x_wconf 89' lang='lat' dir='ltr'><strong>ad</strong></span> <span class='ocrx_word' id='word_1_674' title='bbox 352 5491 470 5584; x_wconf 83' lang='lat' dir='ltr'><strong>ipsum</strong></span> <span class='ocrx_word' id='word_1_675' title='bbox 489 5490 653 5558; x_wconf 89' lang='lat' dir='ltr'><strong>redeunt.</strong></span> <span class='ocrx_word' id='word_1_676' title='bbox 701 5483 981 5583; x_wconf 78' lang='lat' dir='ltr'><strong>consequuntur</strong></span> <span class='ocrx_word' id='word_1_677' title='bbox 1002 5485 1089 5593; x_wconf 49' lang='lat'><strong>³35⁸.</strong></span> <span class='ocrx_word' id='word_1_678' title='bbox 1123 5507 1225 5580; x_wconf 86' lang='lat' dir='ltr'><strong>spero</strong></span> <span class='ocrx_word' id='word_1_679' title='bbox 1239 5485 1309 5581; x_wconf 88' lang='lat' dir='ltr'><strong>piis</strong></span> <span class='ocrx_word' id='word_1_680' title='bbox 1323 5485 1515 5558; x_wconf 89' lang='lat' dir='ltr'><strong>lectoribus</strong></span> <span class='ocrx_word' id='word_1_681' title='bbox 1528 5508 1646 5555; x_wconf 89' lang='lat' dir='ltr'><strong>meum</strong></span> <span class='ocrx_word' id='word_1_682' title='bbox 1662 5483 1818 5556; x_wconf 84' lang='lat' dir='ltr'><strong>officinm</strong></span> <span class='ocrx_word' id='word_1_683' title='bbox 1834 5495 1971 5573; x_wconf 87' lang='lat' dir='ltr'><strong>gratum</strong></span> <span class='ocrx_word' id='word_1_684' title='bbox 1987 5481 2073 5552; x_wconf 89' lang='lat' dir='ltr'><strong>fore.</strong></span> 
     </span>
    </p>
   </div>
   <div class='ocr_carea' id='block_1_3' title="bbox 0 0 2446 6426">
    <p class='ocr_par' dir='ltr' id='par_1_3' title="bbox 0 0 2446 6426">
     <span class='ocr_line' id='line_1_52' title="bbox 0 0 2446 6426; baseline 0 1"><span class='ocrx_word' id='word_1_685' title='bbox 0 0 2446 6426; x_wconf 95' lang='lat' dir='ltr'><strong> </strong></span> 
     </span>
    </p>
   </div>
  </div>
 </body>
</html>
