<?xml version="1.0" encoding="UTF-8"?>
<!DOCTYPE html PUBLIC "-//W3C//DTD XHTML 1.0 Transitional//EN"
    "http://www.w3.org/TR/xhtml1/DTD/xhtml1-transitional.dtd">
<html xmlns="http://www.w3.org/1999/xhtml" xml:lang="en" lang="en">
 <head>
  <title>
</title>
<meta http-equiv="Content-Type" content="text/html;charset=utf-8" />
  <meta name='ocr-system' content='tesseract 3.04.00' />
  <meta name='ocr-capabilities' content='ocr_page ocr_carea ocr_par ocr_line ocrx_word'/>
</head>
<body>
  <div class='ocr_page' id='page_1' title='image "./philippimelanth13melagoog/philippimelanth13melagoog_0046.png"; bbox 0 0 4868 6420; ppageno 0'>
   <div class='ocr_carea' id='block_1_1' title="bbox 151 237 2189 409">
    <p class='ocr_par' dir='ltr' id='par_1_1' title="bbox 151 237 2189 409">
     <span class='ocr_line' id='line_1_1' title="bbox 151 237 2189 409; baseline -0.001 -38"><span class='ocrx_word' id='word_1_1' title='bbox 151 298 200 371; x_wconf 85' lang='lat'>⁵1</span> <span class='ocrx_word' id='word_1_2' title='bbox 727 289 1168 369; x_wconf 75' lang='lat' dir='ltr'>EPtSTOLARUM</span> <span class='ocrx_word' id='word_1_3' title='bbox 1227 237 1335 376; x_wconf 72' lang='lat' dir='ltr'>ElB.</span> <span class='ocrx_word' id='word_1_4' title='bbox 1369 297 1432 377; x_wconf 87' lang='lat' dir='ltr'>lX.</span> <span class='ocrx_word' id='word_1_5' title='bbox 1487 287 1618 372; x_wconf 75' lang='lat' dir='ltr'>tots.</span> <span class='ocrx_word' id='word_1_6' title='bbox 1905 404 1908 409; x_wconf 21' lang='lat'>¹</span> <span class='ocrx_word' id='word_1_7' title='bbox 2139 296 2189 368; x_wconf 77' lang='lat'>52</span> 
     </span>
    </p>
   </div>
   <div class='ocr_carea' id='block_1_2' title="bbox 157 454 2189 561">
    <p class='ocr_par' dir='ltr' id='par_1_2' title="bbox 157 454 2189 561">
     <span class='ocr_line' id='line_1_2' title="bbox 157 454 2189 561; baseline -0.003 -21"><span class='ocrx_word' id='word_1_8' title='bbox 157 481 258 552; x_wconf 90' lang='lat' dir='ltr'>sunt,</span> <span class='ocrx_word' id='word_1_9' title='bbox 296 468 357 560; x_wconf 91' lang='lat' dir='ltr'>qui</span> <span class='ocrx_word' id='word_1_10' title='bbox 381 469 476 536; x_wconf 91' lang='lat' dir='ltr'>hona</span> <span class='ocrx_word' id='word_1_11' title='bbox 497 454 712 536; x_wconf 73' lang='lat' dir='ltr'>conscientia</span> <span class='ocrx_word' id='word_1_12' title='bbox 735 466 872 557; x_wconf 80' lang='lat' dir='ltr'>possint</span> <span class='ocrx_word' id='word_1_13' title='bbox 894 479 1016 536; x_wconf 92' lang='lat' dir='ltr'>contra</span> <span class='ocrx_word' id='word_1_14' title='bbox 1038 467 1145 536; x_wconf 86' lang='lat' dir='ltr'>totius</span> <span class='ocrx_word' id='word_1_15' title='bbox 1200 482 1396 543; x_wconf 87' lang='lat' dir='ltr'>ornaretur.</span> <span class='ocrx_word' id='word_1_16' title='bbox 1452 460 1654 541; x_wconf 80' lang='lat' dir='ltr'>serviamus</span> <span class='ocrx_word' id='word_1_17' title='bbox 1675 467 1870 553; x_wconf 81' lang='lat' dir='ltr'>Ecclesiae,</span> <span class='ocrx_word' id='word_1_18' title='bbox 1911 493 1999 561; x_wconf 87' lang='lat' dir='ltr'>quae</span> <span class='ocrx_word' id='word_1_19' title='bbox 2023 458 2189 536; x_wconf 70' lang='lat' dir='ltr'>incausata</span> 
     </span>
    </p>
   </div>
   <div class='ocr_carea' id='block_1_3' title="bbox 156 568 2298 662">
    <p class='ocr_par' dir='ltr' id='par_1_3' title="bbox 156 568 2298 662">
     <span class='ocr_line' id='line_1_3' title="bbox 156 568 2298 662; baseline -0.004 -20"><span class='ocrx_word' id='word_1_20' title='bbox 156 569 322 661; x_wconf 84' lang='lat' dir='ltr'>Europae</span> <span class='ocrx_word' id='word_1_21' title='bbox 343 570 668 656; x_wconf 78' lang='lat' dir='ltr'>consuetudinem.</span> <span class='ocrx_word' id='word_1_22' title='bbox 687 583 809 638; x_wconf 89' lang='lat' dir='ltr'>contra</span> <span class='ocrx_word' id='word_1_23' title='bbox 833 592 938 660; x_wconf 89' lang='lat' dir='ltr'>quam</span> <span class='ocrx_word' id='word_1_24' title='bbox 960 568 1075 638; x_wconf 80' lang='lat' dir='ltr'><strong>solent</strong></span> <span class='ocrx_word' id='word_1_25' title='bbox 1096 581 1147 637; x_wconf 93' lang='lat' dir='ltr'>tot</span> <span class='ocrx_word' id='word_1_26' title='bbox 1201 583 1270 655; x_wconf 89' lang='lat' dir='ltr'>est,</span> <span class='ocrx_word' id='word_1_27' title='bbox 1295 570 1431 638; x_wconf 83' lang='lat' dir='ltr'>etiamsi</span> <span class='ocrx_word' id='word_1_28' title='bbox 1447 572 1593 662; x_wconf 89' lang='lat' dir='ltr'>imperia</span> <span class='ocrx_word' id='word_1_29' title='bbox 1617 572 1899 661; x_wconf 88' lang='lat' dir='ltr'>dissipabuntur;</span> <span class='ocrx_word' id='word_1_30' title='bbox 1923 595 1988 638; x_wconf 87' lang='lat' dir='ltr'>nec</span> <span class='ocrx_word' id='word_1_31' title='bbox 2010 569 2187 659; x_wconf 84' lang='lat' dir='ltr'>relinqua·</span> <span class='ocrx_word' id='word_1_32' title='bbox 2295 580 2298 584; x_wconf 71' lang='lat'>‘</span> 
     </span>
    </p>
   </div>
   <div class='ocr_carea' id='block_1_4' title="bbox 123 665 2228 2383">
    <p class='ocr_par' dir='ltr' id='par_1_4' title="bbox 123 665 2228 1975">
     <span class='ocr_line' id='line_1_4' title="bbox 159 665 2189 763; baseline -0.002 -21"><span class='ocrx_word' id='word_1_33' title='bbox 159 673 269 742; x_wconf 90' lang='lat' dir='ltr'>sancti</span> <span class='ocrx_word' id='word_1_34' title='bbox 287 670 325 738; x_wconf 92' lang='lat' dir='ltr'>in</span> <span class='ocrx_word' id='word_1_35' title='bbox 340 671 419 738; x_wconf 88' lang='lat' dir='ltr'>aliis</span> <span class='ocrx_word' id='word_1_36' title='bbox 434 670 555 753; x_wconf 90' lang='lat' dir='ltr'>terris,</span> <span class='ocrx_word' id='word_1_37' title='bbox 580 693 711 738; x_wconf 89' lang='lat' dir='ltr'>novare</span> <span class='ocrx_word' id='word_1_38' title='bbox 726 670 862 762; x_wconf 90' lang='lat' dir='ltr'>aliquid</span> <span class='ocrx_word' id='word_1_39' title='bbox 881 670 921 738; x_wconf 89' lang='lat' dir='ltr'>in</span> <span class='ocrx_word' id='word_1_40' title='bbox 936 669 1008 739; x_wconf 93' lang='lat' dir='ltr'>ritu</span> <span class='ocrx_word' id='word_1_41' title='bbox 1023 665 1149 740; x_wconf 84' lang='lat' dir='ltr'>Eccle-</span> <span class='ocrx_word' id='word_1_42' title='bbox 1201 694 1280 739; x_wconf 92' lang='lat' dir='ltr'>mus</span> <span class='ocrx_word' id='word_1_43' title='bbox 1301 683 1460 740; x_wconf 90' lang='lat' dir='ltr'>nostrum</span> <span class='ocrx_word' id='word_1_44' title='bbox 1485 694 1615 742; x_wconf 91' lang='lat' dir='ltr'>munus</span> <span class='ocrx_word' id='word_1_45' title='bbox 1635 685 1778 763; x_wconf 89' lang='lat' dir='ltr'>propter</span> <span class='ocrx_word' id='word_1_46' title='bbox 1805 670 2018 746; x_wconf 87' lang='lat' dir='ltr'>insulsitates</span> <span class='ocrx_word' id='word_1_47' title='bbox 2047 670 2189 740; x_wconf 84' lang='lat' dir='ltr'>aulicas.</span> 
     </span>
     <span class='ocr_line' id='line_1_5' title="bbox 160 765 2190 864; baseline -0.004 -21"><span class='ocrx_word' id='word_1_48' title='bbox 160 773 310 845; x_wconf 90' lang='lat' dir='ltr'>siastico.</span> <span class='ocrx_word' id='word_1_49' title='bbox 361 769 438 840; x_wconf 92' lang='lat' dir='ltr'>Hae</span> <span class='ocrx_word' id='word_1_50' title='bbox 461 770 694 840; x_wconf 88' lang='lat' dir='ltr'>conscientiae</span> <span class='ocrx_word' id='word_1_51' title='bbox 708 771 775 839; x_wconf 89' lang='lat' dir='ltr'>scis</span> <span class='ocrx_word' id='word_1_52' title='bbox 793 772 972 863; x_wconf 85' lang='lat' dir='ltr'>quomodo</span> <span class='ocrx_word' id='word_1_53' title='bbox 991 771 1061 839; x_wconf 91' lang='lat' dir='ltr'>sint</span> <span class='ocrx_word' id='word_1_54' title='bbox 1076 784 1150 840; x_wconf 51' lang='lat' dir='ltr'>tra*</span> <span class='ocrx_word' id='word_1_55' title='bbox 1196 768 1374 863; x_wconf 56' lang='lat' dir='ltr'>⁴Exspecto</span> <span class='ocrx_word' id='word_1_56' title='bbox 1389 785 1465 841; x_wconf 90' lang='lat' dir='ltr'>tuas</span> <span class='ocrx_word' id='word_1_57' title='bbox 1479 773 1616 857; x_wconf 80' lang='lat' dir='ltr'>literas,</span> <span class='ocrx_word' id='word_1_58' title='bbox 1642 775 1745 864; x_wconf 71' lang='lat' dir='ltr'>teque</span> <span class='ocrx_word' id='word_1_59' title='bbox 1765 793 1869 858; x_wconf 82' lang='lat' dir='ltr'>rogo,</span> <span class='ocrx_word' id='word_1_60' title='bbox 1889 785 1931 840; x_wconf 90' lang='lat' dir='ltr'>ut</span> <span class='ocrx_word' id='word_1_61' title='bbox 1948 765 2078 838; x_wconf 79' lang='lat' dir='ltr'>Manio</span> <span class='ocrx_word' id='word_1_62' title='bbox 2101 768 2190 837; x_wconf 87' lang='lat' dir='ltr'>scri-</span> 
     </span>
     <span class='ocr_line' id='line_1_6' title="bbox 161 865 2191 963; baseline -0.005 -19"><span class='ocrx_word' id='word_1_63' title='bbox 161 875 325 956; x_wconf 87' lang='lat' dir='ltr'>ctaudae,</span> <span class='ocrx_word' id='word_1_64' title='bbox 345 874 461 942; x_wconf 92' lang='lat' dir='ltr'>modis</span> <span class='ocrx_word' id='word_1_65' title='bbox 480 872 646 940; x_wconf 91' lang='lat' dir='ltr'>omnibus</span> <span class='ocrx_word' id='word_1_66' title='bbox 661 874 911 961; x_wconf 89' lang='lat' dir='ltr'>praestandum</span> <span class='ocrx_word' id='word_1_67' title='bbox 928 885 997 957; x_wconf 88' lang='lat' dir='ltr'>est,</span> <span class='ocrx_word' id='word_1_68' title='bbox 1023 871 1151 940; x_wconf 84' lang='lat' dir='ltr'>necubi</span> <span class='ocrx_word' id='word_1_69' title='bbox 1202 873 1284 958; x_wconf 91' lang='lat' dir='ltr'>bas,</span> <span class='ocrx_word' id='word_1_70' title='bbox 1314 885 1354 943; x_wconf 92' lang='lat' dir='ltr'>ut</span> <span class='ocrx_word' id='word_1_71' title='bbox 1376 868 1465 941; x_wconf 88' lang='lat' dir='ltr'>mihi</span> <span class='ocrx_word' id='word_1_72' title='bbox 1486 874 1656 963; x_wconf 84' lang='lat' dir='ltr'>significet</span> <span class='ocrx_word' id='word_1_73' title='bbox 1676 896 1780 942; x_wconf 92' lang='lat' dir='ltr'>suum</span> <span class='ocrx_word' id='word_1_74' title='bbox 1803 872 1973 940; x_wconf 88' lang='lat' dir='ltr'>iudicium</span> <span class='ocrx_word' id='word_1_75' title='bbox 1997 871 2041 937; x_wconf 89' lang='lat' dir='ltr'>de</span> <span class='ocrx_word' id='word_1_76' title='bbox 2056 865 2191 938; x_wconf 81' lang='lat' dir='ltr'>Hiero-</span> 
     </span>
     <span class='ocr_line' id='line_1_7' title="bbox 161 964 2191 1068; baseline -0.004 -26"><span class='ocrx_word' id='word_1_77' title='bbox 161 975 369 1066; x_wconf 84' lang='lat' dir='ltr'>impingant.</span> <span class='ocrx_word' id='word_1_78' title='bbox 426 973 508 1044; x_wconf 85' lang='lat' dir='ltr'>Scio</span> <span class='ocrx_word' id='word_1_79' title='bbox 530 973 604 1064; x_wconf 92' lang='lat' dir='ltr'>ipse</span> <span class='ocrx_word' id='word_1_80' title='bbox 625 985 662 1041; x_wconf 90' lang='lat' dir='ltr'>et</span> <span class='ocrx_word' id='word_1_81' title='bbox 679 996 745 1041; x_wconf 92' lang='lat' dir='ltr'>usu</span> <span class='ocrx_word' id='word_1_82' title='bbox 770 998 848 1042; x_wconf 90' lang='lat' dir='ltr'>cum</span> <span class='ocrx_word' id='word_1_83' title='bbox 872 973 911 1040; x_wconf 93' lang='lat' dir='ltr'>in</span> <span class='ocrx_word' id='word_1_84' title='bbox 935 997 992 1041; x_wconf 89' lang='lat' dir='ltr'>me</span> <span class='ocrx_word' id='word_1_85' title='bbox 1018 986 1092 1043; x_wconf 94' lang='lat' dir='ltr'>tum</span> <span class='ocrx_word' id='word_1_86' title='bbox 1111 972 1149 1039; x_wconf 91' lang='lat' dir='ltr'>in</span> <span class='ocrx_word' id='word_1_87' title='bbox 1203 996 1314 1066; x_wconf 83' lang='lat' dir='ltr'>nymo</span> <span class='ocrx_word' id='word_1_88' title='bbox 1329 967 1386 1068; x_wconf 76' lang='lat'>*),</span> <span class='ocrx_word' id='word_1_89' title='bbox 1417 998 1520 1065; x_wconf 87' lang='lat' dir='ltr'>quem</span> <span class='ocrx_word' id='word_1_90' title='bbox 1540 974 1699 1043; x_wconf 81' lang='lat' dir='ltr'>misimus</span> <span class='ocrx_word' id='word_1_91' title='bbox 1719 975 1764 1041; x_wconf 88' lang='lat' dir='ltr'>ad</span> <span class='ocrx_word' id='word_1_92' title='bbox 1789 972 2054 1062; x_wconf 82' lang='lat' dir='ltr'>gubernandam</span> <span class='ocrx_word' id='word_1_93' title='bbox 2078 964 2191 1041; x_wconf 82' lang='lat' dir='ltr'>Scho-</span> 
     </span>
     <span class='ocr_line' id='line_1_8' title="bbox 163 1063 2192 1167; baseline -0.005 -21"><span class='ocrx_word' id='word_1_94' title='bbox 163 1075 379 1159; x_wconf 89' lang='lat' dir='ltr'>aliisdidici,</span> <span class='ocrx_word' id='word_1_95' title='bbox 404 1097 509 1167; x_wconf 92' lang='lat' dir='ltr'>quam</span> <span class='ocrx_word' id='word_1_96' title='bbox 527 1075 627 1143; x_wconf 84' lang='lat' dir='ltr'>facile</span> <span class='ocrx_word' id='word_1_97' title='bbox 651 1073 805 1145; x_wconf 76' lang='lat' dir='ltr'><strong>labascat</strong></span> <span class='ocrx_word' id='word_1_98' title='bbox 826 1074 1058 1154; x_wconf 88' lang='lat' dir='ltr'>conscientia,</span> <span class='ocrx_word' id='word_1_99' title='bbox 1084 1094 1151 1141; x_wconf 66' lang='lat' dir='ltr'>‘nec</span> <span class='ocrx_word' id='word_1_100' title='bbox 1204 1075 1273 1143; x_wconf 93' lang='lat' dir='ltr'>lam</span> <span class='ocrx_word' id='word_1_101' title='bbox 1306 1067 1598 1147; x_wconf 76' lang='lat' dir='ltr'>Mr&#39;ildusunam.</span> <span class='ocrx_word' id='word_1_102' title='bbox 1662 1071 2000 1144; x_wconf 86' lang='lat' dir='ltr'>Commendaveram</span> <span class='ocrx_word' id='word_1_103' title='bbox 2045 1072 2077 1139; x_wconf 88' lang='lat' dir='ltr'>ei</span> <span class='ocrx_word' id='word_1_104' title='bbox 2111 1063 2192 1136; x_wconf 80' lang='lat' dir='ltr'>An-</span> 
     </span>
     <span class='ocr_line' id='line_1_9' title="bbox 163 1168 2193 1270; baseline -0.006 -22"><span class='ocrx_word' id='word_1_105' title='bbox 163 1190 201 1248; x_wconf 91' lang='lat' dir='ltr'>tu</span> <span class='ocrx_word' id='word_1_106' title='bbox 220 1178 321 1245; x_wconf 89' lang='lat' dir='ltr'>crede</span> <span class='ocrx_word' id='word_1_107' title='bbox 343 1177 404 1262; x_wconf 91' lang='lat' dir='ltr'>iis,</span> <span class='ocrx_word' id='word_1_108' title='bbox 438 1176 499 1268; x_wconf 88' lang='lat' dir='ltr'>qui</span> <span class='ocrx_word' id='word_1_109' title='bbox 523 1175 626 1244; x_wconf 91' lang='lat' dir='ltr'>initio</span> <span class='ocrx_word' id='word_1_110' title='bbox 650 1186 731 1244; x_wconf 89' lang='lat' dir='ltr'>ante</span> <span class='ocrx_word' id='word_1_111' title='bbox 754 1189 921 1246; x_wconf 76' lang='lat' dir='ltr'><strong>tentatam</strong></span> <span class='ocrx_word' id='word_1_112' title='bbox 947 1199 1021 1244; x_wconf 90' lang='lat' dir='ltr'>rem</span> <span class='ocrx_word' id='word_1_113' title='bbox 1043 1176 1151 1244; x_wconf 83' lang='lat' dir='ltr'>fortes</span> <span class='ocrx_word' id='word_1_114' title='bbox 1204 1168 1329 1243; x_wconf 84' lang='lat' dir='ltr'>dream</span> <span class='ocrx_word' id='word_1_115' title='bbox 1343 1171 1626 1270; x_wconf 73' lang='lat' dir='ltr'>Ilebergenscm,</span> <span class='ocrx_word' id='word_1_116' title='bbox 1651 1177 1693 1244; x_wconf 91' lang='lat' dir='ltr'>ad</span> <span class='ocrx_word' id='word_1_117' title='bbox 1709 1175 1999 1264; x_wconf 82' lang='lat' dir='ltr'>gubernationem</span> <span class='ocrx_word' id='word_1_118' title='bbox 2014 1168 2193 1257; x_wconf 71' lang='lat' dir='ltr'>Ecclesiae</span> 
     </span>
     <span class='ocr_line' id='line_1_10' title="bbox 164 1270 2192 1364; baseline -0.005 -16"><span class='ocrx_word' id='word_1_119' title='bbox 164 1291 265 1360; x_wconf 93' lang='lat' dir='ltr'>sunt,</span> <span class='ocrx_word' id='word_1_120' title='bbox 297 1291 330 1346; x_wconf 90' lang='lat' dir='ltr'>et</span> <span class='ocrx_word' id='word_1_121' title='bbox 353 1301 393 1346; x_wconf 85' lang='lat' dir='ltr'>ea</span> <span class='ocrx_word' id='word_1_122' title='bbox 415 1301 490 1344; x_wconf 92' lang='lat' dir='ltr'>non</span> <span class='ocrx_word' id='word_1_123' title='bbox 512 1277 620 1345; x_wconf 87' lang='lat' dir='ltr'>dubia</span> <span class='ocrx_word' id='word_1_124' title='bbox 640 1278 713 1345; x_wconf 82' lang='lat' dir='ltr'>fere</span> <span class='ocrx_word' id='word_1_125' title='bbox 736 1278 852 1346; x_wconf 90' lang='lat' dir='ltr'>carnis</span> <span class='ocrx_word' id='word_1_126' title='bbox 867 1289 917 1345; x_wconf 89' lang='lat' dir='ltr'>est</span> <span class='ocrx_word' id='word_1_127' title='bbox 932 1274 1151 1364; x_wconf 84' lang='lat' dir='ltr'>significatio.</span> <span class='ocrx_word' id='word_1_128' title='bbox 1203 1270 1461 1345; x_wconf 78' lang='lat' dir='ltr'>Mdlhusanae</span> <span class='ocrx_word' id='word_1_129' title='bbox 1474 1277 1734 1350; x_wconf 83' lang='lat' dir='ltr'>accersendum.</span> <span class='ocrx_word' id='word_1_130' title='bbox 1786 1272 1821 1343; x_wconf 91' lang='lat' dir='ltr'>ls</span> <span class='ocrx_word' id='word_1_131' title='bbox 1836 1275 1905 1343; x_wconf 90' lang='lat' dir='ltr'>iam</span> <span class='ocrx_word' id='word_1_132' title='bbox 1920 1285 2062 1343; x_wconf 87' lang='lat' dir='ltr'>vocatus</span> <span class='ocrx_word' id='word_1_133' title='bbox 2081 1285 2131 1342; x_wconf 88' lang='lat' dir='ltr'>est</span> <span class='ocrx_word' id='word_1_134' title='bbox 2147 1272 2192 1339; x_wconf 88' lang='lat' dir='ltr'>ad</span> 
     </span>
     <span class='ocr_line' id='line_1_11' title="bbox 165 1372 2193 1467; baseline -0.004 -20"><span class='ocrx_word' id='word_1_135' title='bbox 165 1377 285 1467; x_wconf 88' lang='lat' dir='ltr'>Quare</span> <span class='ocrx_word' id='word_1_136' title='bbox 298 1392 340 1448; x_wconf 93' lang='lat' dir='ltr'>ut</span> <span class='ocrx_word' id='word_1_137' title='bbox 354 1378 503 1447; x_wconf 84' lang='lat' dir='ltr'>maxime</span> <span class='ocrx_word' id='word_1_138' title='bbox 528 1378 599 1447; x_wconf 91' lang='lat' dir='ltr'>siut</span> <span class='ocrx_word' id='word_1_139' title='bbox 619 1401 713 1447; x_wconf 91' lang='lat' dir='ltr'>unus</span> <span class='ocrx_word' id='word_1_140' title='bbox 734 1392 794 1448; x_wconf 92' lang='lat' dir='ltr'>aut</span> <span class='ocrx_word' id='word_1_141' title='bbox 817 1378 905 1449; x_wconf 90' lang='lat' dir='ltr'>alter</span> <span class='ocrx_word' id='word_1_142' title='bbox 926 1378 965 1445; x_wconf 91' lang='lat' dir='ltr'>in</span> <span class='ocrx_word' id='word_1_143' title='bbox 987 1376 1151 1446; x_wconf 88' lang='lat' dir='ltr'>universa</span> <span class='ocrx_word' id='word_1_144' title='bbox 1204 1375 1396 1447; x_wconf 87' lang='lat' dir='ltr'>Ecclesiam</span> <span class='ocrx_word' id='word_1_145' title='bbox 1420 1375 1643 1449; x_wconf 73' lang='lat' dir='ltr'>Sabbatum</span> <span class='ocrx_word' id='word_1_146' title='bbox 1664 1372 1956 1448; x_wconf 78' lang='lat' dir='ltr'>Saxonicarum:</span> <span class='ocrx_word' id='word_1_147' title='bbox 1991 1375 2051 1441; x_wconf 90' lang='lat' dir='ltr'>sed</span> <span class='ocrx_word' id='word_1_148' title='bbox 2073 1386 2193 1442; x_wconf 90' lang='lat' dir='ltr'>tamen</span> 
     </span>
     <span class='ocr_line' id='line_1_12' title="bbox 123 1469 2214 1578; baseline -0.005 -27"><span class='ocrx_word' id='word_1_149' title='bbox 123 1480 254 1578; x_wconf 34' lang='lat' dir='ltr'>„urbe</span> <span class='ocrx_word' id='word_1_150' title='bbox 270 1480 352 1548; x_wconf 87' lang='lat' dir='ltr'>satis</span> <span class='ocrx_word' id='word_1_151' title='bbox 370 1479 483 1562; x_wconf 86' lang='lat' dir='ltr'>firmi,</span> <span class='ocrx_word' id='word_1_152' title='bbox 506 1491 624 1548; x_wconf 90' lang='lat' dir='ltr'>tamen</span> <span class='ocrx_word' id='word_1_153' title='bbox 639 1478 694 1547; x_wconf 94' lang='lat' dir='ltr'>illi</span> <span class='ocrx_word' id='word_1_154' title='bbox 717 1482 843 1549; x_wconf 85' lang='lat' dir='ltr'>cedant</span> <span class='ocrx_word' id='word_1_155' title='bbox 865 1479 1016 1547; x_wconf 82' lang='lat' dir='ltr'>fratrum</span> <span class='ocrx_word' id='word_1_156' title='bbox 1039 1476 1152 1545; x_wconf 92' lang='lat' dir='ltr'>imbe-</span> <span class='ocrx_word' id='word_1_157' title='bbox 1205 1479 1289 1549; x_wconf 91' lang='lat' dir='ltr'>inde</span> <span class='ocrx_word' id='word_1_158' title='bbox 1314 1481 1497 1550; x_wconf 76' lang='lat' dir='ltr'>transferri</span> <span class='ocrx_word' id='word_1_159' title='bbox 1525 1492 1652 1571; x_wconf 87' lang='lat' dir='ltr'>posset.</span> <span class='ocrx_word' id='word_1_160' title='bbox 1703 1476 1802 1546; x_wconf 88' lang='lat' dir='ltr'>Bene</span> <span class='ocrx_word' id='word_1_161' title='bbox 1825 1477 1913 1547; x_wconf 86' lang='lat' dir='ltr'>vale.</span> <span class='ocrx_word' id='word_1_162' title='bbox 1971 1473 2091 1544; x_wconf 90' lang='lat' dir='ltr'>Pridie</span> <span class='ocrx_word' id='word_1_163' title='bbox 2116 1469 2214 1544; x_wconf 74' lang='lat' dir='ltr'>Cat...</span> 
     </span>
     <span class='ocr_line' id='line_1_13' title="bbox 165 1569 2193 1670; baseline -0.004 -18"><span class='ocrx_word' id='word_1_164' title='bbox 165 1580 315 1653; x_wconf 86' lang='lat' dir='ltr'>cillitati.</span> <span class='ocrx_word' id='word_1_165' title='bbox 364 1578 527 1651; x_wconf 90' lang='lat' dir='ltr'>Postulat</span> <span class='ocrx_word' id='word_1_166' title='bbox 539 1575 607 1650; x_wconf 91' lang='lat' dir='ltr'>hoc</span> <span class='ocrx_word' id='word_1_167' title='bbox 622 1575 783 1653; x_wconf 86' lang='lat' dir='ltr'>charitas.</span> <span class='ocrx_word' id='word_1_168' title='bbox 834 1580 885 1650; x_wconf 88' lang='lat' dir='ltr'>At</span> <span class='ocrx_word' id='word_1_169' title='bbox 906 1579 1050 1649; x_wconf 86' lang='lat' dir='ltr'>serimus</span> <span class='ocrx_word' id='word_1_170' title='bbox 1072 1601 1153 1670; x_wconf 87' lang='lat' dir='ltr'>pec·</span> <span class='ocrx_word' id='word_1_171' title='bbox 1205 1577 1328 1650; x_wconf 90' lang='lat' dir='ltr'>Martii</span> <span class='ocrx_word' id='word_1_172' title='bbox 1353 1576 1465 1657; x_wconf 79' lang='lat'>1545.</span> <span class='ocrx_word' id='word_1_173' title='bbox 1529 1580 1687 1654; x_wconf 80' lang='lat' dir='ltr'>Salutem</span> <span class='ocrx_word' id='word_1_174' title='bbox 1717 1591 1801 1670; x_wconf 93' lang='lat' dir='ltr'>opto</span> <span class='ocrx_word' id='word_1_175' title='bbox 1828 1574 1874 1651; x_wconf 91' lang='lat' dir='ltr'>D.</span> <span class='ocrx_word' id='word_1_176' title='bbox 1896 1569 2060 1645; x_wconf 83' lang='lat' dir='ltr'>Portuno</span> <span class='ocrx_word' id='word_1_177' title='bbox 2091 1588 2125 1643; x_wconf 86' lang='lat' dir='ltr'>et</span> <span class='ocrx_word' id='word_1_178' title='bbox 2146 1571 2193 1644; x_wconf 89' lang='grc' dir='ltr'>Ι).</span> 
     </span>
     <span class='ocr_line' id='line_1_14' title="bbox 165 1677 2228 1772; baseline -0.002 -21"><span class='ocrx_word' id='word_1_179' title='bbox 165 1681 307 1752; x_wconf 81' lang='lat' dir='ltr'>catum?</span> <span class='ocrx_word' id='word_1_180' title='bbox 344 1677 448 1751; x_wconf 86' lang='lat' dir='ltr'>Esto:</span> <span class='ocrx_word' id='word_1_181' title='bbox 478 1680 654 1750; x_wconf 88' lang='lat' dir='ltr'>Ferebant</span> <span class='ocrx_word' id='word_1_182' title='bbox 674 1695 708 1750; x_wconf 92' lang='lat' dir='ltr'>et</span> <span class='ocrx_word' id='word_1_183' title='bbox 731 1681 893 1772; x_wconf 88' lang='lat' dir='ltr'>Apostoli</span> <span class='ocrx_word' id='word_1_184' title='bbox 918 1682 1096 1771; x_wconf 87' lang='lat' dir='ltr'>peccatum</span> <span class='ocrx_word' id='word_1_185' title='bbox 1115 1678 1153 1747; x_wconf 91' lang='lat' dir='ltr'>in</span> <span class='ocrx_word' id='word_1_186' title='bbox 1206 1679 1408 1770; x_wconf 84' lang='lat' dir='ltr'>Quaestori.</span> <span class='ocrx_word' id='word_1_187' title='bbox 1558 1705 1561 1714; x_wconf 55' lang='lat'><strong><em>¹</em></strong></span> <span class='ocrx_word' id='word_1_188' title='bbox 2225 1764 2228 1769; x_wconf 7' lang='grc' dir='ltr'>ξ</span> 
     </span>
     <span class='ocr_line' id='line_1_15' title="bbox 165 1771 2144 1875; baseline -0.004 -22"><span class='ocrx_word' id='word_1_189' title='bbox 165 1783 256 1867; x_wconf 92' lang='lat' dir='ltr'>suis,</span> <span class='ocrx_word' id='word_1_190' title='bbox 283 1782 322 1849; x_wconf 91' lang='lat' dir='ltr'>in</span> <span class='ocrx_word' id='word_1_191' title='bbox 344 1779 500 1852; x_wconf 86' lang='lat' dir='ltr'>Ecclesia</span> <span class='ocrx_word' id='word_1_192' title='bbox 525 1780 688 1868; x_wconf 90' lang='lat' dir='ltr'>ludaica,</span> <span class='ocrx_word' id='word_1_193' title='bbox 718 1806 807 1875; x_wconf 90' lang='lat' dir='ltr'>quae</span> <span class='ocrx_word' id='word_1_194' title='bbox 828 1794 920 1851; x_wconf 91' lang='lat' dir='ltr'>certe</span> <span class='ocrx_word' id='word_1_195' title='bbox 942 1781 1050 1872; x_wconf 89' lang='lat' dir='ltr'>impia</span> <span class='ocrx_word' id='word_1_196' title='bbox 1075 1780 1152 1871; x_wconf 89' lang='lat' dir='ltr'>opi·</span> <span class='ocrx_word' id='word_1_197' title='bbox 1710 1774 1900 1870; x_wconf 84' lang='lat' dir='ltr'>Philippus</span> <span class='ocrx_word' id='word_1_198' title='bbox 1917 1771 2144 1847; x_wconf 81' lang='lat' dir='ltr'>Melanthum</span> 
     </span>
     <span class='ocr_line' id='line_1_16' title="bbox 165 1882 1788 1975; baseline -0.005 -22"><span class='ocrx_word' id='word_1_199' title='bbox 165 1883 274 1953; x_wconf 88' lang='lat' dir='ltr'>nione</span> <span class='ocrx_word' id='word_1_200' title='bbox 286 1883 373 1972; x_wconf 83' lang='lat' dir='ltr'>legis</span> <span class='ocrx_word' id='word_1_201' title='bbox 387 1884 515 1953; x_wconf 91' lang='lat' dir='ltr'>ritibus</span> <span class='ocrx_word' id='word_1_202' title='bbox 529 1885 705 1956; x_wconf 88' lang='lat' dir='ltr'>utebatur.</span> <span class='ocrx_word' id='word_1_203' title='bbox 758 1882 843 1953; x_wconf 88' lang='lat' dir='ltr'>ltem</span> <span class='ocrx_word' id='word_1_204' title='bbox 861 1883 890 1950; x_wconf 89' lang='lat' dir='ltr'>si</span> <span class='ocrx_word' id='word_1_205' title='bbox 904 1906 1055 1975; x_wconf 90' lang='lat' dir='ltr'>quorum</span> <span class='ocrx_word' id='word_1_206' title='bbox 1069 1904 1154 1949; x_wconf 92' lang='lat' dir='ltr'>con·</span> <span class='ocrx_word' id='word_1_207' title='bbox 1184 1957 1187 1960; x_wconf 13' lang='lat'><strong>⁴</strong></span> <span class='ocrx_word' id='word_1_208' title='bbox 1786 1938 1788 1945; x_wconf 23' lang='grc' dir='ltr'>ι</span> 
     </span>
    </p>

    <p class='ocr_par' dir='ltr' id='par_1_5' title="bbox 164 1985 2000 2076">
     <span class='ocr_line' id='line_1_17' title="bbox 164 1985 2000 2076; baseline -0.003 -23"><span class='ocrx_word' id='word_1_209' title='bbox 164 1985 330 2053; x_wconf 86' lang='lat' dir='ltr'>scientiae</span> <span class='ocrx_word' id='word_1_210' title='bbox 345 1998 465 2076; x_wconf 85' lang='lat' dir='ltr'>captae</span> <span class='ocrx_word' id='word_1_211' title='bbox 482 1997 583 2068; x_wconf 91' lang='lat' dir='ltr'>sunt,</span> <span class='ocrx_word' id='word_1_212' title='bbox 602 1997 643 2053; x_wconf 92' lang='lat' dir='ltr'>ut</span> <span class='ocrx_word' id='word_1_213' title='bbox 658 1985 880 2075; x_wconf 90' lang='lat' dir='ltr'>nonpossint</span> <span class='ocrx_word' id='word_1_214' title='bbox 896 1986 1062 2053; x_wconf 90' lang='lat' dir='ltr'>alterutra</span> <span class='ocrx_word' id='word_1_215' title='bbox 1074 2005 1155 2071; x_wconf 92' lang='lat' dir='ltr'>spe·</span> <span class='ocrx_word' id='word_1_216' title='bbox 1997 2064 2000 2069; x_wconf 85' lang='lat'>.</span> 
     </span>
    </p>

    <p class='ocr_par' dir='ltr' id='par_1_6' title="bbox 144 2080 2196 2383">
     <span class='ocr_line' id='line_1_18' title="bbox 167 2080 2196 2214; baseline -0.002 -60"><span class='ocrx_word' id='word_1_217' title='bbox 167 2085 221 2156; x_wconf 88' lang='lat' dir='ltr'>eie</span> <span class='ocrx_word' id='word_1_218' title='bbox 236 2086 394 2156; x_wconf 89' lang='lat' dir='ltr'>contenti</span> <span class='ocrx_word' id='word_1_219' title='bbox 413 2109 504 2167; x_wconf 88' lang='lat' dir='ltr'>esse,</span> <span class='ocrx_word' id='word_1_220' title='bbox 529 2084 604 2154; x_wconf 90' lang='lat' dir='ltr'>etii</span> <span class='ocrx_word' id='word_1_221' title='bbox 620 2108 764 2177; x_wconf 91' lang='lat' dir='ltr'>prorsus</span> <span class='ocrx_word' id='word_1_222' title='bbox 778 2086 822 2154; x_wconf 88' lang='lat' dir='ltr'>ab</span> <span class='ocrx_word' id='word_1_223' title='bbox 836 2080 1060 2154; x_wconf 87' lang='lat' dir='ltr'>Eucharistia</span> <span class='ocrx_word' id='word_1_224' title='bbox 1074 2083 1154 2154; x_wconf 88' lang='lat' dir='ltr'>abs-</span> <span class='ocrx_word' id='word_1_225' title='bbox 1205 2131 1261 2204; x_wconf 68' lang='lat' dir='ltr'>No</span> <span class='ocrx_word' id='word_1_226' title='bbox 1286 2129 1387 2203; x_wconf 57' lang='lat'><strong>2650</strong></span> <span class='ocrx_word' id='word_1_227' title='bbox 2014 2133 2069 2214; x_wconf 51' lang='lat' dir='ltr'>(a</span> <span class='ocrx_word' id='word_1_228' title='bbox 2092 2129 2196 2208; x_wconf 80' lang='lat' dir='ltr'>Febr)</span> 
     </span>
     <span class='ocr_line' id='line_1_19' title="bbox 144 2177 2189 2276; baseline -0.004 -19"><span class='ocrx_word' id='word_1_229' title='bbox 144 2189 280 2257; x_wconf 90' lang='lat' dir='ltr'>tinere</span> <span class='ocrx_word' id='word_1_230' title='bbox 310 2201 467 2276; x_wconf 84' lang='lat' dir='ltr'>possunt.</span> <span class='ocrx_word' id='word_1_231' title='bbox 531 2183 628 2255; x_wconf 89' lang='lat' dir='ltr'>Haec</span> <span class='ocrx_word' id='word_1_232' title='bbox 648 2186 763 2255; x_wconf 91' lang='lat' dir='ltr'>scribo</span> <span class='ocrx_word' id='word_1_233' title='bbox 794 2211 835 2254; x_wconf 83' lang='lat' dir='ltr'>ex</span> <span class='ocrx_word' id='word_1_234' title='bbox 865 2210 941 2255; x_wconf 89' lang='lat' dir='ltr'>mea</span> <span class='ocrx_word' id='word_1_235' title='bbox 973 2185 1155 2268; x_wconf 88' lang='lat' dir='ltr'>sententia,</span> <span class='ocrx_word' id='word_1_236' title='bbox 1212 2177 1398 2258; x_wconf 43' lang='grc' dir='ltr'>κὶα-ι’</span> <span class='ocrx_word' id='word_1_237' title='bbox 2017 2177 2189 2252; x_wconf 43' lang='grc' dir='ltr'>»ἐγώ</span> 
     </span>
     <span class='ocr_line' id='line_1_20' title="bbox 168 2283 1921 2383; baseline -0.003 -28"><span class='ocrx_word' id='word_1_238' title='bbox 168 2312 242 2356; x_wconf 92' lang='lat' dir='ltr'>non</span> <span class='ocrx_word' id='word_1_239' title='bbox 259 2284 393 2355; x_wconf 85' lang='lat' dir='ltr'>oraculi</span> <span class='ocrx_word' id='word_1_240' title='bbox 414 2289 500 2366; x_wconf 77' lang='lat' dir='ltr'>rice.</span> <span class='ocrx_word' id='word_1_241' title='bbox 551 2283 727 2356; x_wconf 90' lang='lat' dir='ltr'>Dominus</span> <span class='ocrx_word' id='word_1_242' title='bbox 752 2287 872 2372; x_wconf 84' lang='lat' dir='ltr'>faciat,</span> <span class='ocrx_word' id='word_1_243' title='bbox 905 2288 999 2379; x_wconf 87' lang='lat' dir='ltr'>quod</span> <span class='ocrx_word' id='word_1_244' title='bbox 1024 2299 1059 2355; x_wconf 87' lang='lat' dir='ltr'>et</span> <span class='ocrx_word' id='word_1_245' title='bbox 1079 2286 1155 2374; x_wconf 80' lang='lat' dir='ltr'>glo·</span> <span class='ocrx_word' id='word_1_246' title='bbox 1475 2296 1626 2381; x_wconf 49' lang='lat' dir='ltr'>lom·</span> <span class='ocrx_word' id='word_1_247' title='bbox 1659 2293 1921 2383; x_wconf 54' lang='lat' dir='ltr'><strong><em>camerario,</em></strong></span> 
     </span>
    </p>
   </div>
   <div class='ocr_carea' id='block_1_5' title="bbox 164 2385 1719 2581">
    <p class='ocr_par' dir='ltr' id='par_1_7' title="bbox 164 2385 1719 2581">
     <span class='ocr_line' id='line_1_21' title="bbox 164 2385 1156 2478; baseline -0.005 -19"><span class='ocrx_word' id='word_1_248' title='bbox 164 2389 242 2473; x_wconf 88' lang='lat' dir='ltr'>¹riae</span> <span class='ocrx_word' id='word_1_249' title='bbox 264 2412 328 2456; x_wconf 94' lang='lat' dir='ltr'>suo</span> <span class='ocrx_word' id='word_1_250' title='bbox 343 2385 537 2478; x_wconf 84' lang='lat' dir='ltr'>Evangelio</span> <span class='ocrx_word' id='word_1_251' title='bbox 561 2401 632 2474; x_wconf 91' lang='lat' dir='ltr'>est,</span> <span class='ocrx_word' id='word_1_252' title='bbox 664 2401 699 2457; x_wconf 92' lang='lat' dir='ltr'>et</span> <span class='ocrx_word' id='word_1_253' title='bbox 721 2390 874 2459; x_wconf 89' lang='lat' dir='ltr'>salutare</span> <span class='ocrx_word' id='word_1_254' title='bbox 891 2388 1005 2457; x_wconf 89' lang='lat' dir='ltr'>nobis.</span> <span class='ocrx_word' id='word_1_255' title='bbox 1058 2385 1156 2471; x_wconf 87' lang='lat' dir='ltr'>Vale,</span> 
     </span>
     <span class='ocr_line' id='line_1_22' title="bbox 169 2474 1719 2581; baseline -0.008 -22"><span class='ocrx_word' id='word_1_256' title='bbox 169 2489 339 2581; x_wconf 86' lang='lat' dir='ltr'>postridie</span> <span class='ocrx_word' id='word_1_257' title='bbox 352 2483 471 2558; x_wconf 89' lang='lat' dir='ltr'>Oculi.</span> <span class='ocrx_word' id='word_1_258' title='bbox 1275 2477 1359 2550; x_wconf 77' lang='lat' dir='ltr'>Epio.</span> <span class='ocrx_word' id='word_1_259' title='bbox 1373 2476 1406 2532; x_wconf 67' lang='lat' dir='ltr'>ad</span> <span class='ocrx_word' id='word_1_260' title='bbox 1422 2475 1561 2532; x_wconf 65' lang='lat' dir='ltr'>&amp;me&#39;ffl-</span> <span class='ocrx_word' id='word_1_261' title='bbox 1576 2474 1662 2547; x_wconf 74' lang='lat' dir='ltr'><strong>P·4⁰9</strong></span> <span class='ocrx_word' id='word_1_262' title='bbox 1678 2493 1719 2546; x_wconf 73' lang='lat' dir='ltr'>sq.</span> 
     </span>
    </p>
   </div>
   <div class='ocr_carea' id='block_1_6' title="bbox 763 2599 2197 2831">
    <p class='ocr_par' dir='ltr' id='par_1_8' title="bbox 763 2599 2197 2831">
     <span class='ocr_line' id='line_1_23' title="bbox 763 2599 2197 2730; baseline -0.011 -20"><span class='ocrx_word' id='word_1_263' title='bbox 763 2599 949 2695; x_wconf 56' lang='grc' dir='ltr'>ΡΜΗΡῙ)118</span> <span class='ocrx_word' id='word_1_264' title='bbox 965 2615 1057 2673; x_wconf 59' lang='grc' dir='ltr'>ωω·</span> <span class='ocrx_word' id='word_1_265' title='bbox 1209 2624 1369 2705; x_wconf 85' lang='lat' dir='ltr'>Clariss.</span> <span class='ocrx_word' id='word_1_266' title='bbox 1394 2641 1425 2703; x_wconf 86' lang='lat' dir='ltr'>et</span> <span class='ocrx_word' id='word_1_267' title='bbox 1449 2641 1520 2730; x_wconf 85' lang='lat' dir='ltr'>opt.</span> <span class='ocrx_word' id='word_1_268' title='bbox 1545 2633 1622 2702; x_wconf 77' lang='lat' dir='ltr'>ciro</span> <span class='ocrx_word' id='word_1_269' title='bbox 1642 2628 1672 2702; x_wconf 91' lang='lat' dir='ltr'><em>I</em></span> <span class='ocrx_word' id='word_1_270' title='bbox 1677 2623 1889 2702; x_wconf 76' lang='lat' dir='ltr'>oachimo</span> <span class='ocrx_word' id='word_1_271' title='bbox 1913 2618 2197 2698; x_wconf 84' lang='lat' dir='ltr'>Camerario</span> 
     </span>
     <span class='ocr_line' id='line_1_24' title="bbox 1334 2727 2074 2831; baseline -0.012 -25"><span class='ocrx_word' id='word_1_272' title='bbox 1334 2731 1622 2831; x_wconf 77' lang='lat' dir='ltr'>Bamhergcnsi‚</span> <span class='ocrx_word' id='word_1_273' title='bbox 1648 2728 1768 2803; x_wconf 85' lang='lat' dir='ltr'>amico</span> <span class='ocrx_word' id='word_1_274' title='bbox 1781 2755 1849 2801; x_wconf 86' lang='lat' dir='ltr'>suo</span> <span class='ocrx_word' id='word_1_275' title='bbox 1865 2727 2074 2809; x_wconf 83' lang='lat' dir='ltr'>carissimo,</span> 
     </span>
    </p>
   </div>
   <div class='ocr_carea' id='block_1_7' title="bbox 511 2846 2200 3351">
    <p class='ocr_par' dir='ltr' id='par_1_9' title="bbox 1209 2846 2200 3065">
     <span class='ocr_line' id='line_1_25' title="bbox 1209 2846 2199 2963; baseline -0.009 -24"><span class='ocrx_word' id='word_1_276' title='bbox 1209 2846 1256 2939; x_wconf 80' lang='lat' dir='ltr'>S·</span> <span class='ocrx_word' id='word_1_277' title='bbox 1289 2870 1334 2946; x_wconf 93' lang='lat' dir='ltr'>D.</span> <span class='ocrx_word' id='word_1_278' title='bbox 1369 2869 1460 2941; x_wconf 60' lang='lat' dir='ltr'>vHic</span> <span class='ocrx_word' id='word_1_279' title='bbox 1490 2871 1692 2940; x_wconf 86' lang='lat' dir='ltr'>adolescens</span> <span class='ocrx_word' id='word_1_280' title='bbox 1715 2859 1916 2963; x_wconf 78' lang='lat' dir='ltr'>Philippus</span> <span class='ocrx_word' id='word_1_281' title='bbox 1938 2863 2199 2955; x_wconf 78' lang='lat' dir='ltr'>Fribnrgensis,</span> 
     </span>
     <span class='ocr_line' id='line_1_26' title="bbox 1211 2966 2200 3065; baseline -0.007 -24"><span class='ocrx_word' id='word_1_282' title='bbox 1211 2975 1311 3044; x_wconf 90' lang='lat' dir='ltr'>cuius</span> <span class='ocrx_word' id='word_1_283' title='bbox 1327 2987 1426 3065; x_wconf 88' lang='lat' dir='ltr'>pater</span> <span class='ocrx_word' id='word_1_284' title='bbox 1438 2971 1646 3061; x_wconf 81' lang='lat' dir='ltr'>gubernavit</span> <span class='ocrx_word' id='word_1_285' title='bbox 1667 2966 1824 3040; x_wconf 89' lang='lat' dir='ltr'>scholam</span> <span class='ocrx_word' id='word_1_286' title='bbox 1848 2966 2043 3050; x_wconf 88' lang='lat' dir='ltr'>trivialem,</span> <span class='ocrx_word' id='word_1_287' title='bbox 2073 2978 2116 3034; x_wconf 91' lang='lat' dir='ltr'>ut</span> <span class='ocrx_word' id='word_1_288' title='bbox 2134 2989 2200 3034; x_wconf 81' lang='lat' dir='ltr'>vo-</span> 
     </span>
    </p>

    <p class='ocr_par' dir='ltr' id='par_1_10' title="bbox 511 3063 2200 3351">
     <span class='ocr_line' id='line_1_27' title="bbox 984 3063 2200 3164; baseline -0.007 -22"><span class='ocrx_word' id='word_1_289' title='bbox 984 3114 1154 3143; x_wconf 53' lang='grc' dir='ltr'>».«ν</span> <span class='ocrx_word' id='word_1_290' title='bbox 1212 3089 1311 3159; x_wconf 87' lang='lat' dir='ltr'>cant,</span> <span class='ocrx_word' id='word_1_291' title='bbox 1344 3077 1381 3143; x_wconf 87' lang='lat' dir='ltr'>in</span> <span class='ocrx_word' id='word_1_292' title='bbox 1405 3065 1579 3143; x_wconf 79' lang='lat' dir='ltr'>Mr&#39;liclrii</span> <span class='ocrx_word' id='word_1_293' title='bbox 1598 3071 1732 3164; x_wconf 90' lang='lat' dir='ltr'>patria,</span> <span class='ocrx_word' id='word_1_294' title='bbox 1763 3069 1940 3160; x_wconf 87' lang='lat' dir='ltr'>stipendio</span> <span class='ocrx_word' id='word_1_295' title='bbox 1962 3067 2112 3138; x_wconf 85' lang='lat' dir='ltr'>Senatus</span> <span class='ocrx_word' id='word_1_296' title='bbox 2128 3063 2200 3134; x_wconf 91' lang='lat' dir='ltr'>Ba-</span> 
     </span>
     <span class='ocr_line' id='line_1_28' title="bbox 511 3165 2200 3291; baseline -0.011 -38"><span class='ocrx_word' id='word_1_297' title='bbox 511 3181 582 3266; x_wconf 63' lang='lat' dir='ltr'>lih,</span> <span class='ocrx_word' id='word_1_298' title='bbox 614 3182 824 3291; x_wconf 75' lang='lat' dir='ltr'>Myconio,</span> <span class='ocrx_word' id='word_1_299' title='bbox 1154 3217 1155 3220; x_wconf 20' lang='grc' dir='ltr'>ι</span> <span class='ocrx_word' id='word_1_300' title='bbox 1214 3176 1364 3245; x_wconf 88' lang='lat' dir='ltr'>silieusis</span> <span class='ocrx_word' id='word_1_301' title='bbox 1379 3177 1495 3260; x_wconf 86' lang='lat' dir='ltr'>alitur,</span> <span class='ocrx_word' id='word_1_302' title='bbox 1521 3188 1556 3244; x_wconf 90' lang='lat' dir='ltr'>et</span> <span class='ocrx_word' id='word_1_303' title='bbox 1571 3173 1704 3267; x_wconf 79' lang='lat' dir='ltr'>accedit</span> <span class='ocrx_word' id='word_1_304' title='bbox 1717 3171 1852 3264; x_wconf 86' lang='lat' dir='ltr'>aliquid</span> <span class='ocrx_word' id='word_1_305' title='bbox 1867 3167 2075 3239; x_wconf 89' lang='lat' dir='ltr'>liberalitate</span> <span class='ocrx_word' id='word_1_306' title='bbox 2085 3165 2200 3236; x_wconf 84' lang='lat' dir='ltr'>Fran-</span> 
     </span>
     <span class='ocr_line' id='line_1_29' title="bbox 1215 3268 2199 3351; baseline -0.013 -2"><span class='ocrx_word' id='word_1_307' title='bbox 1215 3278 1410 3349; x_wconf 86' lang='lat' dir='ltr'>colordiani</span> <span class='ocrx_word' id='word_1_308' title='bbox 1432 3277 1546 3348; x_wconf 89' lang='lat' dir='ltr'>amici.</span> <span class='ocrx_word' id='word_1_309' title='bbox 1605 3273 1639 3344; x_wconf 92' lang='lat' dir='ltr'>ls</span> <span class='ocrx_word' id='word_1_310' title='bbox 1663 3274 1772 3344; x_wconf 89' lang='lat' dir='ltr'>mittit</span> <span class='ocrx_word' id='word_1_311' title='bbox 1793 3296 1872 3342; x_wconf 92' lang='lat' dir='ltr'>eum</span> <span class='ocrx_word' id='word_1_312' title='bbox 1892 3269 1934 3340; x_wconf 90' lang='lat' dir='ltr'>Li</span> <span class='ocrx_word' id='word_1_313' title='bbox 1963 3268 2069 3351; x_wconf 91' lang='lat' dir='ltr'>siam,</span> <span class='ocrx_word' id='word_1_314' title='bbox 2096 3281 2130 3338; x_wconf 89' lang='grc' dir='ltr'>ει</span> <span class='ocrx_word' id='word_1_315' title='bbox 2153 3269 2199 3336; x_wconf 92' lang='lat' dir='ltr'>ad</span> 
     </span>
    </p>
   </div>
   <div class='ocr_carea' id='block_1_8' title="bbox 836 2844 1157 2859">
    <p class='ocr_par' dir='ltr' id='par_1_11' title="bbox 836 2844 1157 2859">
     <span class='ocr_line' id='line_1_30' title="bbox 836 2844 1157 2859; baseline -0.003 -3"><span class='ocrx_word' id='word_1_316' title='bbox 836 2844 1157 2859; x_wconf 57' lang='grc' dir='ltr'><em>Μ</em></span> 
     </span>
    </p>
   </div>
   <div class='ocr_carea' id='block_1_9' title="bbox 172 3016 1146 3145">
    <p class='ocr_par' dir='ltr' id='par_1_12' title="bbox 172 3016 1146 3145">
     <span class='ocr_line' id='line_1_31' title="bbox 172 3016 1146 3145; baseline -0.008 -49"><span class='ocrx_word' id='word_1_317' title='bbox 172 3016 369 3145; x_wconf 57' lang='lat' dir='ltr'>Q.</span> <span class='ocrx_word' id='word_1_318' title='bbox 996 3023 1146 3093; x_wconf 55' lang='lat' dir='ltr'>aaran</span> 
     </span>
    </p>
   </div>
   <div class='ocr_carea' id='block_1_10' title="bbox 192 3359 2288 3464">
    <p class='ocr_par' dir='ltr' id='par_1_13' title="bbox 192 3359 2288 3464">
     <span class='ocr_line' id='line_1_32' title="bbox 192 3359 2288 3464; baseline 0 -27"><span class='ocrx_word' id='word_1_319' title='bbox 192 3448 201 3458; x_wconf 21' lang='grc' dir='ltr'>ἱ</span> <span class='ocrx_word' id='word_1_320' title='bbox 322 3359 582 3433; x_wconf 54' lang='grc' dir='ltr'>ΕὖῑΜδΰιὸωῑο</span> <span class='ocrx_word' id='word_1_321' title='bbox 601 3363 701 3434; x_wconf 77' lang='lat' dir='ltr'><strong>‘P·⁵⁰·</strong></span> <span class='ocrx_word' id='word_1_322' title='bbox 1214 3375 1397 3452; x_wconf 89' lang='lat' dir='ltr'>honestiss.</span> <span class='ocrx_word' id='word_1_323' title='bbox 1417 3391 1614 3447; x_wconf 85' lang='lat' dir='ltr'>matronam</span> <span class='ocrx_word' id='word_1_324' title='bbox 1635 3372 1831 3464; x_wconf 86' lang='lat' dir='ltr'>Coniugem</span> <span class='ocrx_word' id='word_1_325' title='bbox 1853 3369 1899 3445; x_wconf 92' lang='lat' dir='ltr'>D.</span> <span class='ocrx_word' id='word_1_326' title='bbox 1952 3365 2134 3439; x_wconf 77' lang='lat' dir='ltr'>amiciori</span> <span class='ocrx_word' id='word_1_327' title='bbox 2154 3369 2201 3436; x_wconf 86' lang='lat' dir='ltr'>li·</span> <span class='ocrx_word' id='word_1_328' title='bbox 2286 3371 2288 3379; x_wconf 86' lang='lat'>&#39;</span> 
     </span>
    </p>
   </div>
   <div class='ocr_carea' id='block_1_11' title="bbox 174 3469 2294 4283">
    <p class='ocr_par' dir='ltr' id='par_1_14' title="bbox 174 3469 2294 4283">
     <span class='ocr_line' id='line_1_33' title="bbox 1209 3469 2202 3553; baseline -0.015 0"><span class='ocrx_word' id='word_1_329' title='bbox 1209 3496 1303 3553; x_wconf 82' lang='lat' dir='ltr'>teras</span> <span class='ocrx_word' id='word_1_330' title='bbox 1320 3481 1351 3550; x_wconf 91' lang='lat' dir='ltr'>ei</span> <span class='ocrx_word' id='word_1_331' title='bbox 1367 3479 1523 3550; x_wconf 88' lang='lat' dir='ltr'>tradidit.</span> <span class='ocrx_word' id='word_1_332' title='bbox 1573 3475 1812 3546; x_wconf 85' lang='lat' dir='ltr'>Proficiscitur</span> <span class='ocrx_word' id='word_1_333' title='bbox 1824 3488 1941 3545; x_wconf 88' lang='lat' dir='ltr'>autem</span> <span class='ocrx_word' id='word_1_334' title='bbox 1956 3470 2127 3543; x_wconf 89' lang='lat' dir='ltr'>libentius</span> <span class='ocrx_word' id='word_1_335' title='bbox 2148 3469 2202 3539; x_wconf 91' lang='lat' dir='ltr'>tui</span> 
     </span>
     <span class='ocr_line' id='line_1_34' title="bbox 1200 3554 2202 3663; baseline -0.01 -12"><span class='ocrx_word' id='word_1_336' title='bbox 1200 3554 1382 3652; x_wconf 52' lang='lat' dir='ltr'>*mutendi</span> <span class='ocrx_word' id='word_1_337' title='bbox 1397 3604 1537 3663; x_wconf 89' lang='lat' dir='ltr'>caussa,</span> <span class='ocrx_word' id='word_1_338' title='bbox 1561 3602 1643 3646; x_wconf 83' lang='lat' dir='ltr'>nam</span> <span class='ocrx_word' id='word_1_339' title='bbox 1666 3577 1705 3645; x_wconf 92' lang='lat' dir='ltr'>in</span> <span class='ocrx_word' id='word_1_340' title='bbox 1720 3574 1855 3647; x_wconf 87' lang='lat' dir='ltr'>Graeca</span> <span class='ocrx_word' id='word_1_341' title='bbox 1878 3574 1999 3662; x_wconf 85' lang='lat' dir='ltr'>lingua</span> <span class='ocrx_word' id='word_1_342' title='bbox 2024 3571 2202 3663; x_wconf 88' lang='lat' dir='ltr'>praeclare</span> 
     </span>
     <span class='ocr_line' id='line_1_35' title="bbox 645 3670 2294 3776; baseline -0.014 -14"><span class='ocrx_word' id='word_1_343' title='bbox 645 3743 648 3752; x_wconf 73' lang='lat'><strong>·</strong></span> <span class='ocrx_word' id='word_1_344' title='bbox 1214 3683 1406 3776; x_wconf 88' lang='lat' dir='ltr'>promovit,</span> <span class='ocrx_word' id='word_1_345' title='bbox 1439 3694 1474 3750; x_wconf 91' lang='lat' dir='ltr'>et</span> <span class='ocrx_word' id='word_1_346' title='bbox 1493 3679 1636 3769; x_wconf 83' lang='lat' dir='ltr'>ingenio</span> <span class='ocrx_word' id='word_1_347' title='bbox 1659 3677 1762 3746; x_wconf 85' lang='lat' dir='ltr'>valet.</span> <span class='ocrx_word' id='word_1_348' title='bbox 1820 3673 1915 3746; x_wconf 83' lang='lat' dir='ltr'>Amo</span> <span class='ocrx_word' id='word_1_349' title='bbox 1942 3674 2201 3743; x_wconf 88' lang='lat' dir='ltr'>adolescentem</span> <span class='ocrx_word' id='word_1_350' title='bbox 2285 3670 2294 3685; x_wconf 69' lang='grc'><strong>“</strong></span> 
     </span>
     <span class='ocr_line' id='line_1_36' title="bbox 174 3755 2200 3874; baseline -0.014 -2"><span class='ocrx_word' id='word_1_351' title='bbox 174 3755 222 3846; x_wconf 72' lang='lat' dir='ltr'>S·</span> <span class='ocrx_word' id='word_1_352' title='bbox 247 3771 293 3847; x_wconf 76' lang='lat' dir='ltr'>D·</span> <span class='ocrx_word' id='word_1_353' title='bbox 344 3771 569 3843; x_wconf 62' lang='lat' dir='ltr'>V³l²l¹¹di¹¹i⁸</span> <span class='ocrx_word' id='word_1_354' title='bbox 583 3794 700 3841; x_wconf 62' lang='lat' dir='ltr'>caussa</span> <span class='ocrx_word' id='word_1_355' title='bbox 715 3764 906 3840; x_wconf 58' lang='grc' dir='ltr'>Ῑθῇαηηθδ</span> <span class='ocrx_word' id='word_1_356' title='bbox 922 3772 964 3840; x_wconf 66' lang='lat' dir='ltr'>ad</span> <span class='ocrx_word' id='word_1_357' title='bbox 981 3775 1162 3858; x_wconf 68' lang='lat' dir='ltr'>V⁰⁸1⁰dlb</span> <span class='ocrx_word' id='word_1_358' title='bbox 1214 3800 1247 3856; x_wconf 89' lang='lat' dir='ltr'>et</span> <span class='ocrx_word' id='word_1_359' title='bbox 1264 3798 1406 3874; x_wconf 90' lang='lat' dir='ltr'>propter</span> <span class='ocrx_word' id='word_1_360' title='bbox 1420 3782 1628 3851; x_wconf 88' lang='lat' dir='ltr'>suavitatem</span> <span class='ocrx_word' id='word_1_361' title='bbox 1642 3779 1777 3868; x_wconf 81' lang='lat' dir='ltr'>ingenii</span> <span class='ocrx_word' id='word_1_362' title='bbox 1792 3803 1832 3846; x_wconf 88' lang='lat' dir='ltr'>ae</span> <span class='ocrx_word' id='word_1_363' title='bbox 1843 3777 1980 3854; x_wconf 84' lang='lat' dir='ltr'>studia,</span> <span class='ocrx_word' id='word_1_364' title='bbox 2006 3787 2042 3842; x_wconf 90' lang='lat' dir='ltr'>et</span> <span class='ocrx_word' id='word_1_365' title='bbox 2057 3786 2200 3864; x_wconf 90' lang='lat' dir='ltr'>propter</span> 
     </span>
     <span class='ocr_line' id='line_1_37' title="bbox 175 3869 2203 3977; baseline -0.009 -30"><span class='ocrx_word' id='word_1_366' title='bbox 175 3900 282 3970; x_wconf 90' lang='lat' dir='ltr'>quem</span> <span class='ocrx_word' id='word_1_367' title='bbox 298 3874 365 3947; x_wconf 86' lang='lat' dir='ltr'>tibi</span> <span class='ocrx_word' id='word_1_368' title='bbox 379 3873 609 3956; x_wconf 92' lang='lat' dir='ltr'>commendo,</span> <span class='ocrx_word' id='word_1_369' title='bbox 630 3885 734 3962; x_wconf 89' lang='lat' dir='ltr'>teque</span> <span class='ocrx_word' id='word_1_370' title='bbox 746 3895 843 3961; x_wconf 85' lang='lat' dir='ltr'>rogo,</span> <span class='ocrx_word' id='word_1_371' title='bbox 866 3887 905 3942; x_wconf 92' lang='lat' dir='ltr'>ut</span> <span class='ocrx_word' id='word_1_372' title='bbox 917 3897 998 3942; x_wconf 88' lang='lat' dir='ltr'>eum</span> <span class='ocrx_word' id='word_1_373' title='bbox 1014 3877 1161 3945; x_wconf 89' lang='lat' dir='ltr'>consilio</span> <span class='ocrx_word' id='word_1_374' title='bbox 1213 3885 1425 3958; x_wconf 69' lang='lat' dir='ltr'>ordinemin</span> <span class='ocrx_word' id='word_1_375' title='bbox 1442 3908 1511 3977; x_wconf 76' lang='lat' dir='ltr'>quo</span> <span class='ocrx_word' id='word_1_376' title='bbox 1528 3896 1709 3953; x_wconf 61' lang='lat' dir='ltr'>natusest,</span> <span class='ocrx_word' id='word_1_377' title='bbox 1764 3869 2203 3975; x_wconf 55' lang='grc' dir='ltr'>Τίηιξγὰρτέῑῃγιφί.</span> 
     </span>
     <span class='ocr_line' id='line_1_38' title="bbox 175 3970 2202 4075; baseline -0.008 -28"><span class='ocrx_word' id='word_1_378' title='bbox 175 3980 296 4061; x_wconf 73' lang='lat' dir='ltr'>iuves,</span> <span class='ocrx_word' id='word_1_379' title='bbox 322 3989 372 4060; x_wconf 75' lang='lat' dir='ltr'>el,</span> <span class='ocrx_word' id='word_1_380' title='bbox 399 3977 429 4044; x_wconf 80' lang='lat' dir='ltr'>Sl</span> <span class='ocrx_word' id='word_1_381' title='bbox 451 3975 519 4044; x_wconf 78' lang='lat' dir='ltr'>erll</span> <span class='ocrx_word' id='word_1_382' title='bbox 540 3996 647 4065; x_wconf 82' lang='lat' dir='ltr'>opus,</span> <span class='ocrx_word' id='word_1_383' title='bbox 679 3971 723 4045; x_wconf 87' lang='lat' dir='ltr'>D.</span> <span class='ocrx_word' id='word_1_384' title='bbox 739 3970 958 4043; x_wconf 67' lang='lat' dir='ltr'>Siurciaden</span> <span class='ocrx_word' id='word_1_385' title='bbox 983 3971 1160 4050; x_wconf 73' lang='lat' dir='ltr'>adhibeas.</span> <span class='ocrx_word' id='word_1_386' title='bbox 1214 3993 1285 4068; x_wconf 73' lang='grc' dir='ltr'><em>λος,</em></span> <span class='ocrx_word' id='word_1_387' title='bbox 1335 3983 1455 4074; x_wconf 74' lang='lat' dir='ltr'>Quare</span> <span class='ocrx_word' id='word_1_388' title='bbox 1469 3997 1561 4054; x_wconf 74' lang='lat' dir='ltr'>uttu</span> <span class='ocrx_word' id='word_1_389' title='bbox 1578 4006 1719 4075; x_wconf 79' lang='lat' dir='ltr'>quoque</span> <span class='ocrx_word' id='word_1_390' title='bbox 1735 4003 1814 4050; x_wconf 78' lang='lat' dir='ltr'>eum</span> <span class='ocrx_word' id='word_1_391' title='bbox 1839 3977 2081 4070; x_wconf 70' lang='lat' dir='ltr'>complectaris</span> <span class='ocrx_word' id='word_1_392' title='bbox 2104 3999 2202 4065; x_wconf 65' lang='lat' dir='ltr'>rogo,</span> 
     </span>
     <span class='ocr_line' id='line_1_39' title="bbox 176 4070 2202 4172; baseline -0.01 -3"><span class='ocrx_word' id='word_1_393' title='bbox 176 4079 301 4152; x_wconf 55' lang='lat' dir='ltr'><strong>⁵⁰¹⁸OE</strong></span> <span class='ocrx_word' id='word_1_394' title='bbox 321 4070 503 4169; x_wconf 61' lang='grc' dir='ltr'>ὃῑαρῥθῖαί</span> <span class='ocrx_word' id='word_1_395' title='bbox 524 4076 681 4145; x_wconf 59' lang='lat' dir='ltr'>accidere</span> <span class='ocrx_word' id='word_1_396' title='bbox 702 4076 854 4159; x_wconf 61' lang='lat' dir='ltr'>naturis,</span> <span class='ocrx_word' id='word_1_397' title='bbox 883 4100 973 4168; x_wconf 65' lang='lat' dir='ltr'>&lt;luae</span> <span class='ocrx_word' id='word_1_398' title='bbox 993 4094 1075 4149; x_wconf 68' lang='lat' dir='ltr'>⁸¹¹¹st</span> <span class='ocrx_word' id='word_1_399' title='bbox 1097 4081 1161 4149; x_wconf 86' lang='lat' dir='ltr'>0b-</span> <span class='ocrx_word' id='word_1_400' title='bbox 1214 4114 1278 4158; x_wconf 91' lang='lat' dir='ltr'>nec</span> <span class='ocrx_word' id='word_1_401' title='bbox 1296 4087 1392 4157; x_wconf 92' lang='lat' dir='ltr'>aliud</span> <span class='ocrx_word' id='word_1_402' title='bbox 1408 4108 1499 4155; x_wconf 94' lang='lat' dir='ltr'>onus</span> <span class='ocrx_word' id='word_1_403' title='bbox 1513 4085 1580 4154; x_wconf 92' lang='lat' dir='ltr'>tibi</span> <span class='ocrx_word' id='word_1_404' title='bbox 1597 4084 1762 4172; x_wconf 90' lang='lat' dir='ltr'>impono,</span> <span class='ocrx_word' id='word_1_405' title='bbox 1787 4077 1912 4150; x_wconf 91' lang='lat' dir='ltr'>nisiut</span> <span class='ocrx_word' id='word_1_406' title='bbox 1928 4073 2139 4166; x_wconf 86' lang='lat' dir='ltr'>cohorteris,</span> <span class='ocrx_word' id='word_1_407' title='bbox 2160 4090 2202 4148; x_wconf 88' lang='lat' dir='ltr'>ut</span> 
     </span>
     <span class='ocr_line' id='line_1_40' title="bbox 176 4173 2202 4283; baseline -0.008 -32"><span class='ocrx_word' id='word_1_408' title='bbox 176 4180 303 4251; x_wconf 83' lang='lat' dir='ltr'>noxiae</span> <span class='ocrx_word' id='word_1_409' title='bbox 314 4173 467 4250; x_wconf 91' lang='lat' dir='ltr'>Phthisi.</span> <span class='ocrx_word' id='word_1_410' title='bbox 494 4175 577 4246; x_wconf 92' lang='lat' dir='ltr'>ldeo</span> <span class='ocrx_word' id='word_1_411' title='bbox 593 4176 799 4246; x_wconf 91' lang='lat' dir='ltr'>consulendi</span> <span class='ocrx_word' id='word_1_412' title='bbox 814 4191 919 4245; x_wconf 86' lang='lat' dir='ltr'>erunt</span> <span class='ocrx_word' id='word_1_413' title='bbox 932 4178 1048 4268; x_wconf 92' lang='lat' dir='ltr'>periti.</span> <span class='ocrx_word' id='word_1_414' title='bbox 1081 4178 1161 4251; x_wconf 90' lang='lat' dir='ltr'>Cir·</span> <span class='ocrx_word' id='word_1_415' title='bbox 1213 4191 1293 4283; x_wconf 73' lang='lat' dir='ltr'>plus</span> <span class='ocrx_word' id='word_1_416' title='bbox 1310 4188 1425 4279; x_wconf 74' lang='lat' dir='ltr'>0peris</span> <span class='ocrx_word' id='word_1_417' title='bbox 1444 4188 1577 4257; x_wconf 62' lang='lat' dir='ltr'>tribuat</span> <span class='ocrx_word' id='word_1_418' title='bbox 1591 4175 1856 4275; x_wconf 74' lang='lat' dir='ltr'>philosophiae,</span> <span class='ocrx_word' id='word_1_419' title='bbox 1882 4181 1921 4248; x_wconf 79' lang='lat' dir='ltr'>in</span> <span class='ocrx_word' id='word_1_420' title='bbox 1945 4202 2075 4273; x_wconf 67' lang='lat' dir='ltr'>qua-re</span> <span class='ocrx_word' id='word_1_421' title='bbox 2097 4179 2202 4249; x_wconf 72' lang='lat' dir='ltr'>adiu.</span> 
     </span>
    </p>
   </div>
   <div class='ocr_carea' id='block_1_12' title="bbox 81 4271 2201 4479">
    <p class='ocr_par' dir='ltr' id='par_1_15' title="bbox 81 4271 2201 4479">
     <span class='ocr_line' id='line_1_41' title="bbox 81 4271 2201 4380; baseline -0.007 -14"><span class='ocrx_word' id='word_1_422' title='bbox 81 4355 84 4366; x_wconf 95' lang='lat'>.</span> <span class='ocrx_word' id='word_1_423' title='bbox 177 4280 420 4363; x_wconf 55' lang='lat' dir='ltr'>wulfermus,</span> <span class='ocrx_word' id='word_1_424' title='bbox 444 4293 485 4349; x_wconf 65' lang='lat'>1¹1</span> <span class='ocrx_word' id='word_1_425' title='bbox 508 4279 627 4362; x_wconf 63' lang='lat' dir='ltr'>Vfdffl,</span> <span class='ocrx_word' id='word_1_426' title='bbox 650 4277 700 4345; x_wconf 65' lang='lat'>¹¹¹5</span> <span class='ocrx_word' id='word_1_427' title='bbox 720 4271 924 4361; x_wconf 59' lang='lat' dir='ltr'>Ff&#39;l&#39;dtrl&#39;ss,</span> <span class='ocrx_word' id='word_1_428' title='bbox 949 4294 1097 4351; x_wconf 67' lang='lat' dir='ltr'>“mrtem</span> <span class='ocrx_word' id='word_1_429' title='bbox 1121 4282 1160 4350; x_wconf 74' lang='lat' dir='ltr'>in</span> <span class='ocrx_word' id='word_1_430' title='bbox 1212 4282 1492 4361; x_wconf 85' lang='lat' dir='ltr'>variaRhetico</span> <span class='ocrx_word' id='word_1_431' title='bbox 1515 4286 1653 4380; x_wconf 89' lang='lat' dir='ltr'>poterit.</span> <span class='ocrx_word' id='word_1_432' title='bbox 1701 4281 1978 4367; x_wconf 73' lang='lat' dir='ltr'>commendabis</span> <span class='ocrx_word' id='word_1_433' title='bbox 1999 4305 2080 4352; x_wconf 92' lang='lat' dir='ltr'>eum</span> <span class='ocrx_word' id='word_1_434' title='bbox 2102 4294 2135 4350; x_wconf 93' lang='lat' dir='ltr'>et</span> <span class='ocrx_word' id='word_1_435' title='bbox 2156 4279 2201 4352; x_wconf 90' lang='lat' dir='ltr'>D.</span> 
     </span>
     <span class='ocr_line' id='line_1_42' title="bbox 97 4376 1958 4479; baseline 0.003 -27"><span class='ocrx_word' id='word_1_436' title='bbox 97 4423 116 4479; x_wconf 69' lang='lat'>&#39;.</span> <span class='ocrx_word' id='word_1_437' title='bbox 175 4378 420 4471; x_wconf 87' lang='lat' dir='ltr'>hoccorporc:</span> <span class='ocrx_word' id='word_1_438' title='bbox 447 4392 612 4449; x_wconf 88' lang='lat' dir='ltr'>ettamen</span> <span class='ocrx_word' id='word_1_439' title='bbox 633 4378 752 4449; x_wconf 88' lang='lat' dir='ltr'>vivere</span> <span class='ocrx_word' id='word_1_440' title='bbox 768 4381 903 4473; x_wconf 91' lang='lat' dir='ltr'>aliquos</span> <span class='ocrx_word' id='word_1_441' title='bbox 919 4380 956 4448; x_wconf 92' lang='lat' dir='ltr'>in</span> <span class='ocrx_word' id='word_1_442' title='bbox 980 4376 1045 4450; x_wconf 88' lang='lat' dir='ltr'>hac</span> <span class='ocrx_word' id='word_1_443' title='bbox 1066 4383 1161 4452; x_wconf 90' lang='lat' dir='ltr'>mili·</span> <span class='ocrx_word' id='word_1_444' title='bbox 1213 4385 1441 4464; x_wconf 66' lang='lat' dir='ltr'>Comiciana.</span> <span class='ocrx_word' id='word_1_445' title='bbox 1955 4385 1958 4388; x_wconf 55' lang='grc'>’</span> 
     </span>
    </p>
   </div>
   <div class='ocr_carea' id='block_1_13' title="bbox 176 4477 2202 4597">
    <p class='ocr_par' dir='ltr' id='par_1_16' title="bbox 176 4477 2202 4597">
     <span class='ocr_line' id='line_1_43' title="bbox 176 4477 2202 4597; baseline -0.007 -44"><span class='ocrx_word' id='word_1_446' title='bbox 176 4485 224 4554; x_wconf 87' lang='lat' dir='ltr'>tia</span> <span class='ocrx_word' id='word_1_447' title='bbox 239 4479 414 4552; x_wconf 89' lang='lat' dir='ltr'>Ecclesiae</span> <span class='ocrx_word' id='word_1_448' title='bbox 431 4494 585 4597; x_wconf 75' lang='lat' dir='ltr'>oportet,</span> <span class='ocrx_word' id='word_1_449' title='bbox 611 4494 650 4549; x_wconf 89' lang='lat' dir='ltr'>ut</span> <span class='ocrx_word' id='word_1_450' title='bbox 665 4477 733 4549; x_wconf 88' lang='lat' dir='ltr'>Dei</span> <span class='ocrx_word' id='word_1_451' title='bbox 748 4505 877 4550; x_wconf 89' lang='lat' dir='ltr'>nomen</span> <span class='ocrx_word' id='word_1_452' title='bbox 902 4483 1097 4553; x_wconf 88' lang='lat' dir='ltr'>celebretur</span> <span class='ocrx_word' id='word_1_453' title='bbox 1121 4485 1160 4553; x_wconf 92' lang='lat' dir='ltr'>in</span> <span class='ocrx_word' id='word_1_454' title='bbox 1314 4519 1450 4592; x_wconf 47' lang='lat' dir='ltr'><em>Eat-us</em></span> <span class='ocrx_word' id='word_1_455' title='bbox 1481 4522 1622 4590; x_wconf 57' lang='lat' dir='ltr'><strong>[andem</strong></span> <span class='ocrx_word' id='word_1_456' title='bbox 1654 4518 1786 4590; x_wconf 58' lang='lat' dir='ltr'>dicitur</span> <span class='ocrx_word' id='word_1_457' title='bbox 1818 4511 1997 4587; x_wconf 55' lang='lat' dir='ltr'>exhalasse</span> <span class='ocrx_word' id='word_1_458' title='bbox 2026 4507 2202 4582; x_wconf 56' lang='lat' dir='ltr'><strong>infelicem</strong></span> 
     </span>
    </p>
   </div>
   <div class='ocr_carea' id='block_1_14' title="bbox 173 4599 2203 5211">
    <p class='ocr_par' dir='ltr' id='par_1_17' title="bbox 173 4599 2203 4814">
     <span class='ocr_line' id='line_1_44' title="bbox 173 4599 2202 4709; baseline 0.013 -53"><span class='ocrx_word' id='word_1_459' title='bbox 173 4599 287 4656; x_wconf 76' lang='lat' dir='ltr'>terris.</span> <span class='ocrx_word' id='word_1_460' title='bbox 1213 4628 1386 4709; x_wconf 66' lang='lat' dir='ltr'>animam,</span> <span class='ocrx_word' id='word_1_461' title='bbox 1411 4625 1685 4704; x_wconf 59' lang='lat' dir='ltr'>retransmitte,</span> <span class='ocrx_word' id='word_1_462' title='bbox 1704 4645 1783 4689; x_wconf 85' lang='lat' dir='ltr'>cum</span> <span class='ocrx_word' id='word_1_463' title='bbox 1805 4631 1921 4707; x_wconf 83' lang='lat' dir='ltr'>ageret</span> <span class='ocrx_word' id='word_1_464' title='bbox 1943 4617 2116 4698; x_wconf 88' lang='lat' dir='ltr'>animam,</span> <span class='ocrx_word' id='word_1_465' title='bbox 2142 4636 2202 4681; x_wconf 90' lang='lat' dir='ltr'>re-</span> 
     </span>
     <span class='ocr_line' id='line_1_45' title="bbox 275 4711 2203 4814; baseline 0.001 -33"><span class='ocrx_word' id='word_1_466' title='bbox 275 4711 383 4785; x_wconf 83' lang='lat' dir='ltr'>Mitto</span> <span class='ocrx_word' id='word_1_467' title='bbox 401 4713 467 4783; x_wconf 93' lang='lat' dir='ltr'>tibi</span> <span class='ocrx_word' id='word_1_468' title='bbox 484 4711 741 4804; x_wconf 85' lang='lat' dir='ltr'>propositiones</span> <span class='ocrx_word' id='word_1_469' title='bbox 758 4713 936 4802; x_wconf 83' lang='lat' dir='ltr'>proximae</span> <span class='ocrx_word' id='word_1_470' title='bbox 951 4716 1161 4806; x_wconf 86' lang='lat' dir='ltr'>disputatio·</span> <span class='ocrx_word' id='word_1_471' title='bbox 1207 4728 1281 4798; x_wconf 85' lang='lat' dir='ltr'>diit</span> <span class='ocrx_word' id='word_1_472' title='bbox 1294 4729 1338 4796; x_wconf 92' lang='lat' dir='ltr'>ad</span> <span class='ocrx_word' id='word_1_473' title='bbox 1354 4750 1412 4796; x_wconf 88' lang='lat' dir='ltr'>eas</span> <span class='ocrx_word' id='word_1_474' title='bbox 1428 4723 1700 4813; x_wconf 87' lang='lat' dir='ltr'>disputationes,</span> <span class='ocrx_word' id='word_1_475' title='bbox 1723 4742 1813 4814; x_wconf 87' lang='lat' dir='ltr'>quae</span> <span class='ocrx_word' id='word_1_476' title='bbox 1827 4717 2043 4807; x_wconf 85' lang='lat' dir='ltr'>Ratisponae</span> <span class='ocrx_word' id='word_1_477' title='bbox 2062 4740 2140 4784; x_wconf 83' lang='lat' dir='ltr'>eum</span> <span class='ocrx_word' id='word_1_478' title='bbox 2163 4713 2203 4782; x_wconf 88' lang='lat' dir='ltr'>in</span> 
     </span>
    </p>

    <p class='ocr_par' dir='ltr' id='par_1_18' title="bbox 176 4810 2200 4918">
     <span class='ocr_line' id='line_1_46' title="bbox 176 4810 2200 4918; baseline -0.001 -31"><span class='ocrx_word' id='word_1_479' title='bbox 176 4819 243 4890; x_wconf 91' lang='lat' dir='ltr'>nis.</span> <span class='ocrx_word' id='word_1_480' title='bbox 298 4813 351 4900; x_wconf 90' lang='lat' dir='ltr'>ls,</span> <span class='ocrx_word' id='word_1_481' title='bbox 373 4815 473 4884; x_wconf 87' lang='lat' dir='ltr'>euius</span> <span class='ocrx_word' id='word_1_482' title='bbox 496 4815 534 4882; x_wconf 90' lang='lat' dir='ltr'>in</span> <span class='ocrx_word' id='word_1_483' title='bbox 556 4814 659 4884; x_wconf 90' lang='lat' dir='ltr'>titulo</span> <span class='ocrx_word' id='word_1_484' title='bbox 685 4814 817 4882; x_wconf 89' lang='lat' dir='ltr'>mentio</span> <span class='ocrx_word' id='word_1_485' title='bbox 840 4817 928 4884; x_wconf 84' lang='lat' dir='ltr'>facta</span> <span class='ocrx_word' id='word_1_486' title='bbox 954 4830 1005 4886; x_wconf 90' lang='lat' dir='ltr'>est</span> <span class='ocrx_word' id='word_1_487' title='bbox 1020 4810 1077 4910; x_wconf 75' lang='grc'>*),</span> <span class='ocrx_word' id='word_1_488' title='bbox 1110 4835 1161 4890; x_wconf 93' lang='lat' dir='ltr'>est</span> <span class='ocrx_word' id='word_1_489' title='bbox 1213 4831 1378 4898; x_wconf 86' lang='lat' dir='ltr'>morbum</span> <span class='ocrx_word' id='word_1_490' title='bbox 1411 4827 1653 4908; x_wconf 89' lang='lat' dir='ltr'>coniecerunt,</span> <span class='ocrx_word' id='word_1_491' title='bbox 1699 4817 1781 4918; x_wconf 79' lang='grc' dir='ltr'>περὶ</span> <span class='ocrx_word' id='word_1_492' title='bbox 1806 4824 1876 4892; x_wconf 81' lang='grc' dir='ltr'>τοῦ</span> <span class='ocrx_word' id='word_1_493' title='bbox 1905 4812 2109 4905; x_wconf 68' lang='grc' dir='ltr'>ἐκθειάζων</span> <span class='ocrx_word' id='word_1_494' title='bbox 2132 4811 2200 4886; x_wconf 71' lang='grc' dir='ltr'>τὸν</span> 
     </span>
    </p>

    <p class='ocr_par' dir='ltr' id='par_1_19' title="bbox 175 4914 2202 5026">
     <span class='ocr_line' id='line_1_47' title="bbox 175 4914 2202 5026; baseline 0.007 -38"><span class='ocrx_word' id='word_1_495' title='bbox 175 4915 343 4989; x_wconf 88' lang='lat' dir='ltr'>honestus</span> <span class='ocrx_word' id='word_1_496' title='bbox 358 4914 508 4999; x_wconf 90' lang='lat' dir='ltr'>iuvenis,</span> <span class='ocrx_word' id='word_1_497' title='bbox 532 4916 718 4984; x_wconf 89' lang='lat' dir='ltr'>accersitus</span> <span class='ocrx_word' id='word_1_498' title='bbox 732 4917 775 4983; x_wconf 92' lang='lat' dir='ltr'>ad</span> <span class='ocrx_word' id='word_1_499' title='bbox 788 4917 1077 5003; x_wconf 79' lang='lat' dir='ltr'>gubernationem</span> <span class='ocrx_word' id='word_1_500' title='bbox 1090 4918 1160 4990; x_wconf 88' lang='lat' dir='ltr'>Ec·</span> <span class='ocrx_word' id='word_1_501' title='bbox 1213 4929 1328 5026; x_wconf 69' lang='grc' dir='ltr'><strong><em>ἄρτον</em></strong></span> <span class='ocrx_word' id='word_1_502' title='bbox 1348 4933 1426 5000; x_wconf 79' lang='grc' dir='ltr'>τῶν</span> <span class='ocrx_word' id='word_1_503' title='bbox 1452 4920 1669 5018; x_wconf 77' lang='grc' dir='ltr'><strong><em>μυστηρίων</em></strong></span> <span class='ocrx_word' id='word_1_504' title='bbox 1684 4918 1755 5020; x_wconf 81' lang='lat'>*&#39;).</span> <span class='ocrx_word' id='word_1_505' title='bbox 1822 4922 1937 4994; x_wconf 78' lang='lat' dir='ltr'>Deum</span> <span class='ocrx_word' id='word_1_506' title='bbox 1966 4923 2130 5001; x_wconf 61' lang='lat' dir='ltr'>oremus,</span> <span class='ocrx_word' id='word_1_507' title='bbox 2161 4929 2202 4985; x_wconf 66' lang='lat'>¹¹¹</span> 
     </span>
    </p>

    <p class='ocr_par' dir='ltr' id='par_1_20' title="bbox 177 5013 1846 5118">
     <span class='ocr_line' id='line_1_48' title="bbox 177 5013 1846 5118; baseline 0.008 -28"><span class='ocrx_word' id='word_1_508' title='bbox 177 5020 300 5091; x_wconf 89' lang='lat' dir='ltr'>clesiae</span> <span class='ocrx_word' id='word_1_509' title='bbox 314 5018 353 5116; x_wconf 75' lang='lat' dir='ltr'>in</span> <span class='ocrx_word' id='word_1_510' title='bbox 366 5016 497 5107; x_wconf 92' lang='lat' dir='ltr'>oppido</span> <span class='ocrx_word' id='word_1_511' title='bbox 513 5013 683 5099; x_wconf 88' lang='lat' dir='ltr'>Suevico,</span> <span class='ocrx_word' id='word_1_512' title='bbox 708 5014 807 5083; x_wconf 90' lang='lat' dir='ltr'>cuius</span> <span class='ocrx_word' id='word_1_513' title='bbox 823 5015 972 5087; x_wconf 90' lang='lat' dir='ltr'>Senatus</span> <span class='ocrx_word' id='word_1_514' title='bbox 987 5021 1088 5090; x_wconf 87' lang='lat' dir='ltr'>valde</span> <span class='ocrx_word' id='word_1_515' title='bbox 1104 5023 1160 5090; x_wconf 87' lang='lat' dir='ltr'>di·</span> <span class='ocrx_word' id='word_1_516' title='bbox 1212 5046 1325 5102; x_wconf 90' lang='lat' dir='ltr'>servet</span> <span class='ocrx_word' id='word_1_517' title='bbox 1339 5045 1373 5100; x_wconf 87' lang='lat' dir='ltr'>et</span> <span class='ocrx_word' id='word_1_518' title='bbox 1386 5042 1483 5118; x_wconf 86' lang='lat' dir='ltr'>regat</span> <span class='ocrx_word' id='word_1_519' title='bbox 1498 5026 1702 5100; x_wconf 88' lang='lat' dir='ltr'>Ecclesiam.</span> <span class='ocrx_word' id='word_1_520' title='bbox 1838 5096 1846 5103; x_wconf 81' lang='lat'>.</span> 
     </span>
    </p>

    <p class='ocr_par' dir='ltr' id='par_1_21' title="bbox 176 5116 1741 5211">
     <span class='ocr_line' id='line_1_49' title="bbox 176 5116 1741 5211; baseline 0.012 -22"><span class='ocrx_word' id='word_1_521' title='bbox 176 5122 325 5211; x_wconf 86' lang='lat' dir='ltr'>ligenter</span> <span class='ocrx_word' id='word_1_522' title='bbox 339 5118 483 5210; x_wconf 83' lang='lat' dir='ltr'>petivit,</span> <span class='ocrx_word' id='word_1_523' title='bbox 507 5131 547 5187; x_wconf 90' lang='lat' dir='ltr'>ut</span> <span class='ocrx_word' id='word_1_524' title='bbox 569 5116 772 5186; x_wconf 91' lang='lat' dir='ltr'>testimonio</span> <span class='ocrx_word' id='word_1_525' title='bbox 795 5133 934 5188; x_wconf 89' lang='lat' dir='ltr'>nostrae</span> <span class='ocrx_word' id='word_1_526' title='bbox 950 5116 1161 5192; x_wconf 89' lang='lat' dir='ltr'>Academiae</span> <span class='ocrx_word' id='word_1_527' title='bbox 1735 5137 1741 5144; x_wconf 81' lang='grc'><strong>’</strong></span> 
     </span>
    </p>
   </div>
   <div class='ocr_carea' id='block_1_15' title="bbox 181 3513 1161 3618">
    <p class='ocr_par' dir='ltr' id='par_1_22' title="bbox 181 3513 1161 3618">
     <span class='ocr_line' id='line_1_50' title="bbox 181 3513 1161 3618; baseline -0.001 -25"><span class='ocrx_word' id='word_1_528' title='bbox 181 3519 276 3594; x_wconf 82' lang='lat' dir='ltr'>Viro</span> <span class='ocrx_word' id='word_1_529' title='bbox 297 3521 452 3618; x_wconf 85' lang='lat' dir='ltr'>optimo,</span> <span class='ocrx_word' id='word_1_530' title='bbox 475 3515 529 3588; x_wconf 91' lang='lat' dir='ltr'>D.</span> <span class='ocrx_word' id='word_1_531' title='bbox 546 3513 797 3590; x_wconf 80' lang='lat' dir='ltr'>Friderico</span> <span class='ocrx_word' id='word_1_532' title='bbox 818 3513 1061 3614; x_wconf 80' lang='lat' dir='ltr'>Myconio,</span> <span class='ocrx_word' id='word_1_533' title='bbox 1082 3515 1161 3593; x_wconf 85' lang='lat' dir='ltr'>Pa-</span> 
     </span>
    </p>
   </div>
   <div class='ocr_carea' id='block_1_16' title="bbox 173 3615 1161 3703">
    <p class='ocr_par' dir='ltr' id='par_1_23' title="bbox 173 3615 1161 3703">
     <span class='ocr_line' id='line_1_51' title="bbox 173 3615 1161 3703; baseline 0 -9"><span class='ocrx_word' id='word_1_534' title='bbox 173 3624 269 3694; x_wconf 82' lang='lat' dir='ltr'>stori</span> <span class='ocrx_word' id='word_1_535' title='bbox 281 3619 470 3692; x_wconf 78' lang='lat' dir='ltr'>Ecclesiae</span> <span class='ocrx_word' id='word_1_536' title='bbox 485 3615 718 3703; x_wconf 73' lang='lat' dir='ltr'>Gerrhanae,</span> <span class='ocrx_word' id='word_1_537' title='bbox 743 3620 862 3691; x_wconf 85' lang='lat' dir='ltr'>amico</span> <span class='ocrx_word' id='word_1_538' title='bbox 877 3646 944 3692; x_wconf 85' lang='lat' dir='ltr'>suo</span> <span class='ocrx_word' id='word_1_539' title='bbox 960 3622 1161 3702; x_wconf 84' lang='lat' dir='ltr'>carissimo.</span> 
     </span>
    </p>
   </div>
   <div class='ocr_carea' id='block_1_17' title="bbox 180 5284 2204 5523">
    <p class='ocr_par' dir='ltr' id='par_1_24' title="bbox 180 5284 2204 5523">
     <span class='ocr_line' id='line_1_52' title="bbox 180 5284 2204 5436; baseline -0.024 22"><span class='ocrx_word' id='word_1_540' title='bbox 180 5317 386 5329; x_wconf 37' lang='grc' dir='ltr'>ἡ*</span> <span class='ocrx_word' id='word_1_541' title='bbox 783 5373 785 5384; x_wconf 63' lang='grc'><strong>’</strong></span> <span class='ocrx_word' id='word_1_542' title='bbox 1243 5284 1461 5436; x_wconf 38' lang='lat' dir='ltr'>&amp;Zizaim</span> <span class='ocrx_word' id='word_1_543' title='bbox 1482 5376 1607 5420; x_wconf 86' lang='lat' dir='ltr'>mortuus</span> <span class='ocrx_word' id='word_1_544' title='bbox 1628 5378 1666 5419; x_wconf 80' lang='lat' dir='ltr'>est</span> <span class='ocrx_word' id='word_1_545' title='bbox 1686 5367 1712 5419; x_wconf 89' lang='lat' dir='ltr'>d.</span> <span class='ocrx_word' id='word_1_546' title='bbox 1734 5366 1771 5417; x_wconf 79' lang='lat'>10.</span> <span class='ocrx_word' id='word_1_547' title='bbox 1787 5362 1867 5416; x_wconf 82' lang='lat' dir='ltr'>Febr.</span> <span class='ocrx_word' id='word_1_548' title='bbox 1882 5361 1973 5430; x_wconf 67' lang='lat' dir='ltr'>rste,</span> <span class='ocrx_word' id='word_1_549' title='bbox 1999 5360 2072 5413; x_wconf 85' lang='lat' dir='ltr'>unde</span> <span class='ocrx_word' id='word_1_550' title='bbox 2090 5365 2204 5428; x_wconf 74' lang='lat' dir='ltr'>apparet</span> 
     </span>
     <span class='ocr_line' id='line_1_53' title="bbox 203 5429 2195 5523; baseline -0.021 -4"><span class='ocrx_word' id='word_1_551' title='bbox 203 5433 233 5502; x_wconf 67' lang='lat'>⁴¹)</span> <span class='ocrx_word' id='word_1_552' title='bbox 251 5433 367 5487; x_wconf 72' lang='lat'>¹⁰²⁰¹¹²⁸</span> <span class='ocrx_word' id='word_1_553' title='bbox 379 5429 569 5523; x_wconf 63' lang='lat' dir='ltr'>M⁸¹I³²⁰ffi⁰⁸t</span> <span class='ocrx_word' id='word_1_554' title='bbox 587 5431 639 5487; x_wconf 47' lang='lat'>”⁸⁶-</span> <span class='ocrx_word' id='word_1_555' title='bbox 654 5450 696 5504; x_wconf 55' lang='grc' dir='ltr'>ΕΡ·</span> <span class='ocrx_word' id='word_1_556' title='bbox 709 5431 735 5487; x_wconf 69' lang='lat' dir='ltr'>d·</span> <span class='ocrx_word' id='word_1_557' title='bbox 749 5431 792 5488; x_wconf 67' lang='lat'>2¹·</span> <span class='ocrx_word' id='word_1_558' title='bbox 806 5433 884 5490; x_wconf 65' lang='lat' dir='ltr'><strong>Febr·</strong></span> <span class='ocrx_word' id='word_1_559' title='bbox 1275 5438 1345 5492; x_wconf 82' lang='lat' dir='ltr'>hanc</span> <span class='ocrx_word' id='word_1_560' title='bbox 1357 5435 1500 5508; x_wconf 78' lang='lat' dir='ltr'>epistolem</span> <span class='ocrx_word' id='word_1_561' title='bbox 1513 5454 1570 5493; x_wconf 80' lang='lat' dir='ltr'>non</span> <span class='ocrx_word' id='word_1_562' title='bbox 1585 5434 1753 5490; x_wconf 77' lang='lat' dir='ltr'>referendam</span> <span class='ocrx_word' id='word_1_563' title='bbox 1767 5450 1824 5486; x_wconf 80' lang='lat' dir='ltr'>esee</span> <span class='ocrx_word' id='word_1_564' title='bbox 1837 5449 1900 5484; x_wconf 89' lang='lat' dir='ltr'>cum</span> <span class='ocrx_word' id='word_1_565' title='bbox 1921 5432 2024 5484; x_wconf 83' lang='lat' dir='ltr'>editore</span> <span class='ocrx_word' id='word_1_566' title='bbox 2041 5429 2073 5481; x_wconf 81' lang='lat' dir='ltr'>ad</span> <span class='ocrx_word' id='word_1_567' title='bbox 2092 5441 2195 5481; x_wconf 82' lang='lat' dir='ltr'>ennom</span> 
     </span>
    </p>
   </div>
   <div class='ocr_carea' id='block_1_18' title="bbox 0 0 2463 6420">
    <p class='ocr_par' dir='ltr' id='par_1_25' title="bbox 0 0 2463 6420">
     <span class='ocr_line' id='line_1_54' title="bbox 0 0 2463 6420; baseline 0 0"><span class='ocrx_word' id='word_1_568' title='bbox 0 0 2463 6420; x_wconf 95' lang='lat' dir='ltr'> </span> 
     </span>
    </p>
   </div>
  </div>
 </body>
</html>
