4868 6420
192 355 275 443 ’155
778 347 1212 432 EPISTOLARUM
1265 348 1371 421 LIB.
1402 348 1466 423 IX.
1520 348 1649 426 1545.
2169 354 2244 430 754

188 531 453 622 Regiomonu,
486 527 636 603 honesto
650 533 740 605 loco.
784 529 877 604 Dedi
893 545 1012 604 autem
1028 533 1060 602 ei
1079 523 1198 603 cons-i-
1246 542 1327 620 post
1351 523 1458 599 breve
1481 537 1621 623 tempus
1643 526 1834 602 revocant.
1880 524 2002 622 Qtsare
2027 541 2088 604 eut
2105 528 2244 605 differri

190 635 291 707 lium
309 635 480 708 metuenti
499 636 685 706 oculorum
702 635 911 725 caliginem,
938 650 979 705 ut
1001 638 1043 704 ad
1064 648 1199 704 vestros
1246 631 1349 702 initia
1372 633 1501 726 synodi
1522 634 1604 720 diu,
1629 648 1692 705 aut
1711 634 1849 705 nullam
1869 636 1974 724 plane
1990 636 2148 707 futuram
2171 660 2244 708 esse

200 735 364 815 Medicus
383 750 425 806 ¹et
446 733 692 835 yeepoupyodr
719 738 978 828 proficiscatur,
1019 751 1199 807 eteorum
1247 734 1478 808 arbitrantur.
1538 733 1618 805 Hoc
1639 732 1728 805 mihi
1751 736 1986 826 significatum
2000 752 2053 809 est
2073 760 2113 808 ex
2135 738 2244 809 Nori-

200 840 501 913 utaturconsilio.
554 839 741 910 Modestus
758 835 865 909 horno
883 855 934 910 est
952 840 1046 908 inter
1060 840 1200 928 ignotos
1248 837 1352 924 berga
1378 837 1423 905 ab
1446 834 1664 909 Hominibus
1687 840 1904 929 dignissimis
1927 840 2006 911 tide.
2067 839 2188 928 Quare
2210 856 2244 912 et

188 942 383 1025 dimidior,
409 966 518 1034 quare
543 954 577 1010 te
600 966 683 1028 oro,
709 955 848 1012 uteum
864 940 1029 1026 Medico,
1051 940 1200 1012 Doctori
1247 935 1291 1011 D.
1317 932 1476 1009 Urbano
1505 941 1730 1031 significabis.
1788 939 1971 1012 Confessio
2002 955 2036 1011 et
2066 938 2243 1033 Apologia

199 1036 460 1136 Magebuclu'o
477 1047 720 1128 commendes,
747 1058 807 1114 aut
831 1044 942 1116 etiam
957 1043 1062 1113 alicui
1078 1043 1200 1113 oculo·
1247 1043 1481 1127 recudentur,
1515 1047 1575 1113 sed
1600 1069 1657 1113 me
1681 1068 1755 1114 non
1776 1045 1891 1114 solum
1910 1044 2155 1135 occupationes
2177 1049 2244 1114 im-

189 1172 284 1229 ,rum
301 1144 455 1220 Medico.
508 1145 626 1218 Habet
650 1147 785 1239 aliquid
811 1147 952 1232 viatici,
983 1147 1044 1215 sed
1068 1146 1199 1214 curabo
1247 1143 1419 1234 pediunt,
1444 1170 1514 1238 quo
1536 1147 1655 1215 minus
1679 1171 1768 1239 opus
1793 1148 1906 1216 multo
1926 1161 2007 1217 ante
2023 1149 2243 1238 processerit,

201 1249 297 1322 mitti
306 1247 465 1339 ‚amplius
479 1249 509 1316 si
524 1249 661 1319 diutius
682 1251 776 1339 apud
792 1273 856 1318 vos
872 1250 962 1321 erit.

245 1374 250 1379 ·
288 1347 453 1420 ¹lnstitui
476 1345 534 1419 hic
558 1351 597 1419 in
621 1364 778 1421 mercatu
799 1352 932 1446 sylvam
947 1364 1036 1420 tuae
1051 1373 1199 1442 respon-

201 1453 326 1529 sionis.
383 1449 457 1523 Res
477 1453 583 1523 utiles
611 1467 645 1523 et
668 1454 744 1544 pias
774 1449 986 1545 admixtis¹)
1016 1453 1199 1522 affectibus

200 1556 342 1628 idoneis
359 1569 508 1626 tractare
522 1556 637 1647 cupio.
671 1554 764 1624 Nolo
780 1579 846 1625 nos
864 1569 997 1626 certare
1014 1555 1200 1626 calumniis

202 1673 239 1729 et
261 1658 431 1729 conviciis
458 1682 539 1727 cum
561 1657 876 1749 impudentissimis
890 1650 929 1752 2)
952 1654 1200 1751 Sycophantis.

201 1759 294 1831 Heri
315 1762 383 1849 legi
414 1763 592 1830 decretum
614 1755 827 1830 Academiae
847 1752 1100 1829 Lovaniensis
1123 1759 1200 1850 ple-

202 1887 290 1932 num
313 1863 523 1954 impietatis,
550 1863 643 1954 quod
670 1876 704 1932 et
724 1862 909 1932 autoritate
930 1850 1066 1930 Caroli
1084 1860 1200 1951 Impe-

202 1965 332 2034 ratoris
350 1965 528 2034 munitum
542 1977 592 2033 est
602 1957 651 2058 ¹¹⁴).
699 1961 852 2048 Crescit,
878 1978 919 2034 ut
935 1964 1052 2047 vides,
1077 1962 1200 2032 multi-

194 2067 285 2159 'plex
311 2066 444 2152 rabies;
481 2064 564 2153 Ideo
588 2066 698 2134 simus
713 2065 893 2135 ‘cautiores
909 2078 942 2134 ct
959 2067 1200 2134 modestiores.

192 2164 321 2239 ‘Deum
335 2192 487 2252 oremus,
512 2181 553 2237 ut
568 2189 633 2236 nos
649 2168 832 2257 gubernet.
884 2165 982 2236 Bene
998 2168 1089 2236 vale.
1124 2165 1201 2265 Cal.

204 2267 307 2344 Maii.
359 2271 500 2362 Lipsiae
511 2262 581 2366 **).

718 2402 907 2497 Philippus
924 2398 1150 2501 Melanthon.

207 2642 512 2660 -Ω-ο-οσν--φα--ο-

204 2803 272 2878 Νο.
289 2802 402 2880 8185.
487 2796 490 2804 ⁴

210 2901 384 2936 Μ
1023 2891 1197 2922 NON

534 2999 585 3094 G.
622 3002 886 3090 Scarabaeo.

274 3174 293 3240 †
313 3169 350 3222 Er
370 3165 538 3291 autographo
553 3165 684 3220 Melanth.
700 3164 727 3218 in
745 3163 868 3219 biblioth.
883 3159 1124 3234 Msyolupyo'rroc
1145 3162 1199 3214 Ba·

305 3239 382 3294 dens.
401 3239 439 3323 mi
460 3235 614 3306 ideseripta
631 3254 645 3289 a
660 3235 770 3290 Clariss.
785 3232 915 3286 Moltero.

210 3394 430 3476 Venerabili
466 3393 545 3465 viro
586 3403 617 3463 et
648 3392 795 3488 egregia
830 3387 998 3462 doctrina
1030 3383 1201 3487 praedito

205 3500 260 3578 D.
284 3497 489 3594 Georgio
523 3493 810 3582 Scurabaeo,
847 3491 991 3565 docenti
1022 3491 1200 3585 Evange-
1300 3528 1304 3536 ·

241 3603 337 3676 ‘lium
367 3601 405 3672 in
433 3596 581 3670 ecclesia
608 3597 909 3685 Hannnveruna,
940 3593 1060 3665 amico
1085 3619 1170 3680 suo,

207 3734 253 3824 S.
279 3753 324 3826 D.
377 3750 483 3840 Quod
508 3764 580 3820 tam
603 3749 802 3818 verecunde
825 3748 869 3816 ad
892 3770 948 3815 me
966 3745 1110 3829 scribis,
1135 3745 1198 3815 etsi

207 3860 247 3927 in
271 3882 309 3927 ea
330 3879 368 3925 re
391 3852 562 3922 modestia
587 3865 647 3921 tua
665 3864 701 3920 et
719 3872 858 3917 morum
883 3849 1032 3919 civilitas
1048 3860 1201 3939 apparet,

144 4018 151 4037 ,
207 3976 326 4031 tamen
351 3970 385 4026 te
408 3978 513 4045 rogo,
539 3977 677 4021 mecum
700 3964 741 4019 ut
762 3951 865 4020 attica
891 3951 967 4040 lege
988 3972 1087 4039 agas,
1110 3946 1200 4020 ἄνευ

206 4054 426 4160 προοιμίων.
477 4053 580 4126 Certe
597 4054 668 4122 illis
684 4053 884 4122 immodicis
900 4053 1087 4135 laudibus,
1114 4073 1200 4145 quas

205 4168 246 4237 in
267 4189 324 4234 me
347 4176 497 4253 utraque
519 4180 627 4248 manu
642 4156 820 4244 congeris,
845 4179 920 4224 non
937 4155 1102 4223 delector.
1154 4147 1202 4220 Et

209 4291 318 4339 essem
335 4260 663 4353 arrogantissimus,
686 4260 714 4329 si
730 4281 788 4328 eas
801 4280 1036 4346 agnoscerem.
1082 4252 1201 4342 Quare

210 4373 260 4441 ita
277 4371 409 4451 adme,
435 4379 475 4433 ut
496 4364 540 4430 ad
564 4359 764 4433 studiorum
781 4360 916 4429 socium
937 4358 1078 4428 scribes.
1128 4352 1203 4425 Re.-

209 4474 306 4566 liqua
323 4491 402 4562 pars
417 4464 584 4556 epistolae
607 4464 651 4530 de
675 4475 734 4531 tua
755 4484 836 4551 erga
859 4486 914 4529 me
936 4456 1202 4530 benevolentiae

208 4577 324 4667 deque
346 4569 472 4640 studiis
497 4563 542 4639 D.
561 4560 715 4636 Urbani
733 4563 802 4632 tuit
823 4558 913 4631 mihi
936 4559 1202 4633 iucundissima.

209 4676 318 4774 Apud
341 4655 407 4743 nos
432 4668 517 4740 novi
539 4662 633 4744 nihil
651 4681 717 4751 est,
742 4662 810 4735 Dei
824 4664 1011 4739 beneficio.
1058 4655 1203 4730 Romae

208 4779 344 4852 dicitur
371 4798 461 4868 papa
491 4770 722 4843 denunciasse
750 4767 1004 4860 profectionem
1026 4765 1071 4834 ad
1094 4787 1203 4858 syno-

208 4887 314 4967 dum,
339 4905 420 4957 cum
440 4897 569 4965 magno
592 4873 759 4943 comitatu
784 4884 890 4966 atque
908 4881 1078 4961 apparatu
1094 4865 1204 4935 susci-

209 4984 391 5079 piendam.
425 4979 495 5049 Sed
509 4972 602 5047 hanc
619 4977 732 5067 ipsam
747 4971 1058 5042 denunciationem
1075 4966 1204 5043 deinde

210 5183 436 5204 ——r—-Q--v-*O
1205 5187 1208 5193 ,

248 5306 273 5370 1)
291 5299 395 5373 Spanh.
413 5298 556 5352 mendose:
574 5296 734 5348 admixtos.

247 5388 274 5456 Ξ)
294 5387 397 5459 Spanh.
409 5384 554 5438 mendose:
576 5379 852 5446 imprudentissimis.

248 5473 278 5540 *)
297 5473 360 5528 Vid.
374 5474 406 5526 de
419 5472 471 5525 hoc
487 5470 596 5522 decreto
610 5463 730 5518 Sleidau.
741 5483 768 5537 p.
786 5460 846 5520 459.

247 5558 295 5623 **)
314 5555 377 5610 Alia
391 5573 487 5608 manus
500 5549 657 5620 adscripsits
674 5565 749 5601 anno
765 5547 841 5603 1545.

172 5703 174 5706 ,
215 5637 395 5703 biruasrn.
410 5634 513 5700 Orrn.
540 5626 679 5691 Vor..V.

1248 1247 1307 1314 sed
1325 1246 1430 1316 etiam
1448 1262 1623 1318 certorum
1642 1244 1940 1343 sycophantarum
1957 1245 2243 1344 calumniae,⁴qui

1248 1371 1365 1416 meum
1381 1349 1554 1419 iudicium
1576 1352 1614 1418 in
1634 1352 1846 1444 quibusdam
1870 1352 2026 1421 materiis
2048 1347 2244 1442 reprehen-

1248 1452 1349 1522 dunt.
1397 1449 1508 1521 Dicor
1531 1453 1682 1532 nimium
1711 1454 1855 1523 laudare
1879 1455 1971 1523 bona
1992 1477 2109 1544 opera.
2162 1452 2244 1525 Uti-

1247 1575 1330 1633 nam
1346 1553 1429 1621 satis
1444 1554 1645 1625 laudarem!
1700 1554 1769 1627 Sed
1791 1557 1834 1625 de
1853 1550 1917 1625 hac
1933 1580 1971 1624 re
1987 1557 2139 1625 scribam
2157 1557 2244 1626 alias

1247 1654 1290 1722 ad
1308 1667 1352 1727 te.
1411 1654 1491 1725 Non
1519 1658 1621 1743 satis,
1647 1682 1713 1728 nos
1737 1660 1857 1727 vexari
1879 1660 1923 1728 ab
1950 1652 2112 1728 hostibus
2135 1659 2242 1747 foris3

1247 1755 1345 1824 dorni
1361 1757 1466 1826 etiam
1485 1754 1657 1829 habemus
1672 1761 1838 1831 intestina
1856 1759 2020 1844 dissidia,
2040 1774 2075 1830 et
2092 1760 2243 1830 disside-

1248 1881 1327 1925 mus
1350 1883 1424 1928 non
1446 1860 1616 1947 civiliter,
1642 1863 1702 1930 sed
1729 1863 1875 1930 mirifica
1902 1862 2090 1931 acerbitate
2104 1863 2244 1932 animo-

1247 1983 1339 2032 rum.
1392 1957 1469 2051 Ego
1486 1976 1623 2048 tamen,
1649 1962 1726 2034 Deo
1743 1967 1866 2049 dante,
1893 1988 2008 2033 meam
2026 1965 2243 2034 moderatio-

1248 2085 1328 2128 nem
1352 2064 1530 2134 mordicus
1554 2066 1699 2151 tenebo,
1732 2091 1796 2135 nec
1817 2067 1949 2151 sinam,
1977 2090 2052 2135 eam
2073 2062 2162 2135 mihi
2184 2091 2244 2136 ex-

1248 2163 1330 2232 cuti.
1381 2161 1430 2233 Et
1452 2168 1495 2235 ad
1521 2167 1651 2236 iudicia
1670 2169 1846 2237 bonorum
1866 2192 1905 2237 ac
1919 2171 2134 2259 prudentum
2159 2193 2245 2260 pro-

1248 2289 1355 2354 voco,
1388 2269 1520 2358 quoin
1542 2294 1689 2338 munere
1712 2284 1746 2340 et
1770 2284 1803 2339 te
1828 2295 1941 2362 pono,
1968 2284 2002 2338 et
2026 2271 2065 2337 in
2087 2274 2242 2362 quodam

1248 2366 1397 2457 scripto,
1414 2370 1477 2437 ubi
1493 2371 1676 2440 nominavi
1690 2372 1843 2456 iudices,
1858 2374 1961 2463 posui
1974 2370 2019 2445 D.
2033 2368 2243 2442 Urbanum.

1249 2466 1390 2560 Siquid
1409 2495 1507 2552 erro,
1534 2473 1688 2543 libenter
1702 2475 1839 2543 moneri
1861 2498 1955 2568 mela
1974 2475 2078 2543 horris
2100 2489 2135 2544 et
2158 2500 2243 2565 pru-

1249 2570 1417 2640 dentibus
1433 2575 1558 2664 patiar.
1609 2574 1676 2646 Sed
1699 2601 1769 2668 quo
1787 2577 1959 2645 delabor?
2010 2576 2069 2646 Sic
2085 2591 2151 2661 est;
2178 2576 2242 2646 ubi

1249 2670 1361 2756 dolel,
1387 2676 1439 2744 ihi
1461 2701 1607 2745 manum
1626 2671 1750 2750 habeo.
1802 2673 2014 2747 Methodum
2034 2679 2243 2748 instituendi

1249 2775 1357 2845 studii
1380 2772 1570 2868 theologici
1593 2780 1724 2849 rectius
1740 2804 1758 2849 a
1776 2776 1933 2849 Domino
1950 2776 2107 2851 Urbano
2125 2805 2241 2849 coram

1250 2877 1373 2951 discos.
1432 2879 1558 2950 Meum
1587 2881 1778 2960 iudicium,
1813 2882 1875 2976 qui
1897 2883 1985 2963 loci,
2020 2908 2091 2974 quo
2117 2884 2242 2952 ordine

1249 2981 1507 3062 distribuendi,
1540 3009 1608 3078 qua
1637 2984 1674 3052 in
1697 2983 1905 3074 explicando
1928 2985 2111 3074 diligentia
2138 3000 2242 3054 uten-

1249 3085 1334 3151 dum
1357 3084 1420 3169 sit,
1446 3086 1590 3176 exposui
1614 3086 1651 3155 in
1674 3087 1795 3154 libello
1812 3087 1972 3156 locorum
1989 3087 2244 3162 communium.

1251 3184 1306 3253 Ad
1329 3180 1395 3254 hos
1420 3188 1516 3255 locos
1539 3189 1653 3276 cogito
1671 3189 1855 3257 reserenda
1871 3212 1961 3274 esse,
1987 3212 2076 3281 quae
2094 3189 2243 3277 legimus

1250 3287 1286 3355 in
1303 3289 1409 3356 sacris
1424 3289 1546 3363 literis.
1598 3288 1696 3359 Beue
1712 3291 1806 3374 vale,
1835 3306 1868 3361 et
1890 3316 1946 3359 rue
1964 3314 2054 3362 arna.
2106 3288 2242 3360 Postri-

1248 3391 1305 3459 die
1322 3388 1468 3460 Calend.
1484 3389 1586 3460 Maii.

1415 3498 1418 3501 >
1759 3538 1950 3636 Philippus
1966 3541 2190 3616 Melanthon.
2249 3643 2256 3656 Ι

1248 3960 1314 4030 Νο.
1330 3959 1442 4034 3186.

1255 4057 1427 4091 Μ
1471 4089 1480 4105 ,

2106 3973 2138 4036 6.
2154 3964 2241 4030 illati.

1498 4143 1683 4228 Senatui
1716 4125 1985 4257 Norimderg.

1318 4291 1442 4363 Epistola
1467 4288 1628 4368 Melanthea
1656 4287 1688 4340 ad
1714 4286 1847 4369 s.⁰¹l³¹'¹.¹⁰.
1869 4281 2143 4358 Norirnbergensein,
2167 4288 2193 4342 d.
2212 4288 2240 4345 d.

1349 4363 1375 4415 6.
1395 4357 1462 4414 Maii
1483 4358 1574 4425 ists,
1597 4356 1637 4409 lus
1657 4357 1745 4409 verbis
1764 4374 1913 4426 incipiens:
1940 4358 2028 4424 „ura
2048 4358 2173 4425 {delibat
2192 4360 2241 4415 bitt

1348 4431 1385 4496 isi)
1404 4445 1467 4510 gang
1484 4429 1569 4496 sstlstlg
1588 4425 1647 4483 tt.’'
1671 4425 1767 4496 legitur
1791 4423 1819 4476 iu
1839 4424 1930 4477 Tomo
1952 4428 1983 4480 V.
2008 4423 2125 4480 Collect.
2151 4424 2239 4479 llum-

1352 4499 1442 4578 melpi,
1458 4516 1520 4580 pag.
1535 4501 1580 4578 .¹·.
1599 4495 1645 4548 Est
1665 4494 1709 4547 hic
1720 4493 1825 4574 ‘lomus
1837 4493 1869 4548 V.
1888 4494 2000 4578 Collect.
2017 4493 2155 4550 liummel.
2170 4495 2240 4577 haud

1353 4569 1486 4690 iiiiii-¹2?
1510 4562 1983 4714 iiiiii?‘inid'².dlidih“¹{l’
2001 4564 2240 4702 sl‘isiihiiii'f

1353 4725 1416 4761 rum
1434 4704 1505 4758 illius
1525 4703 1714 4769 collectionis,
1731 4721 1746 4754 a
1767 4701 1980 4771 Veeseumeyero
2000 4711 2123 4771 accepto.

1254 4919 1599 4931 ›nu-..mmm—
1605 4918 1682 4926 ...ι
2113 4919 2119 4925 ,
2126 4916 2237 4926 ”-

1253 5061 1318 5133 No.
1337 5057 1449 5130 3187.

1263 5152 1436 5184 Μ

2110 5068 2142 5128 7·
2155 5059 2238 5129 blasi.

2107 5155 2241 5184 Μ

1588 5240 1662 5330 W.
1699 5238 1911 5324 Musonio.

1324 5405 1361 5458 Er
1379 5365 1545 5474 autographo
1564 5399 1591 5452 in
1610 5399 1770 5453 bibliothece
1792 5395 1925 5450 bernerii
1944 5394 2016 5449 edita
2038 5396 2066 5448 in
2087 5394 2107 5447 l.
2127 5392 2159 5445 R.
2179 5393 2245 5447 Sin-

1352 5473 1410 5526 neri
1425 5470 1504 5525 catal.
1514 5470 1595 5523 codd.
1609 5477 1670 5522 mst.
1683 5466 1812 5520 Biblioth.
1829 5465 1982 5533 Beruensis,
2000 5463 2082 5518 Tom.
2096 5463 2142 5517 lll.
2162 5463 2246 5533 <Ber-

1357 5559 1407 5594 nae
1421 5539 1496 5683 1273.
1513 5539 1549 5604 8.)
1568 5558 1593 5611 p.
1603 5539 1665 5597 260.
1702 5537 1933 5604 (Foerstemann.)
