4868 6420
190 371 267 446 mr
657 383 669 403 ·
770 304 1451 455 commendaturum:
1505 360 1634 444 1545.
1880 334 1881 339 '
2153 377 2228 454 om

192 542 294 640 robis
317 553 424 610 notae
453 552 553 624 sunt,
587 551 621 607 et
642 521 884 626 narrationem
904 533 1009 601 nobis
1033 530 1188 615 missam,
1239 529 1592 607 laeSoltvvcdelensi.
1645 533 1693 605 Et
1717 553 1855 624 narrat,
1881 564 1963 611 suae
1986 544 2139 616 familiae
2161 549 2230 618 ali·

191 644 294 714 fratri
318 638 477 711 exbiberi
493 642 594 724 volo,
618 663 657 707 ac
681 633 769 705 mibi
786 635 975 726 significari
998 632 1087 726 quid
1104 655 1187 700 cen·
1240 633 1326 724 qnid
1340 620 1430 702 iuris
1446 635 1483 702 in
1503 636 1577 703 eins
1594 640 1778 708 sacerdotii
1795 642 1982 713 collatione
1997 644 2114 720 fuisse.
2156 648 2227 720 Sed

193 759 266 817 seat
282 745 457 834 agendum
474 766 548 811 esse
565 740 740 830 deinceps.
780 736 919 826 Rogavi
935 727 1203 815 Macedonem,
1239 735 1282 802 de
1307 734 1383 803 iure
1406 731 1499 803 nihil
1520 737 1673 827 disputo.
1731 738 1810 810 Iloc
1831 744 1997 829 adfirmo,
2021 740 2226 844 Ruperlurn

192 861 234 918 ut
259 845 350 938 ipse,
383 845 446 935 qui
473 844 601 912 melius
629 839 828 930 prospicere
851 850 964 929 potest
993 837 1031 924 in
1056 858 1093 902 re
1125 835 1187 903 tali
1238 849 1384 925 propter
1408 837 1543 926 ingenii
1569 839 1661 924 vim,
1695 826 1931 914 eruditionem
1961 861 1995 916 et
2023 850 2229 936 gravitatem
2265 850 2266 854 ’

194 948 281 1041 quid
306 948 498 1025 conducat,
524 945 599 1012 vias
623 956 658 1012 et
680 942 833 1011 rationes
856 938 1032 1008 liberandi
1050 933 1187 1004 Hiero·
1238 961 1378 1005 morum
1402 939 1549 1026 dignum
1567 962 1658 1024 esse,
1685 944 1748 1034 qni
1764 942 1887 1014 Vestra
1904 951 2110 1020 auctoritate
2126 951 2225 1021 iuve-

196 1045 304 1142 nymr‘
329 1058 484 1138 quaerat.
552 1046 618 1113 Sed
647 1043 769 1122 illum,
802 1055 843 1111 ut
868 1041 1039 1123 arbitror,
1073 1037 1186 1106 multa
1238 1049 1308 1116 tur,
1326 1062 1365 1106 ac
1380 1041 1509 1128 poterit
1523 1041 1603 1110 usui
1618 1065 1689 1111 esse
1703 1045 1883 1137 aliquanto
1898 1062 1976 1137 post
1990 1049 2225 1130 instinctione

195 1151 415 1241 impediunt,
446 1169 535 1239 quae
561 1170 635 1214 non
661 1145 743 1213 volo
765 1166 958 1214 recensere.
1007 1136 1185 1226 Coniugio
1238 1138 1479 1207 ecclesiastica.
1506 1136 1583 1209 Oro
1600 1142 1716 1230 igitur,
1734 1160 1774 1215 ut
1789 1148 1984 1236 perficiatis,
2000 1165 2039 1220 ut
2055 1150 2224 1224 lllustris·

197 1251 306 1340 igitur
328 1251 371 1318 ad
396 1249 494 1316 illam
526 1261 682 1316 nostram
706 1245 871 1314 usitatam
896 1240 1187 1324 consolationem,
1237 1238 1319 1307 simi
1338 1237 1515 1332 Principis
1540 1239 1759 1316 Marcbionis
1776 1245 1950 1319 Electoris
1973 1264 2037 1324 etc.
2060 1255 2225 1344 benigni.

196 1344 312 1421 Pater
333 1357 364 1418 et
379 1358 497 1418 mater
520 1341 788 1444 dereliquerunt
804 1366 878 1428 me,
903 1339 1094 1412 Dominus
1116 1365 1185 1409 αα·
1237 1353 1306 1410 tate
1337 1344 1551 1411 concedatur
1579 1346 1654 1413 seni
1688 1350 1878 1434 sacerdoti,
1910 1354 2086 1422 avunculo
2115 1351 2222 1428 huius

198 1460 267 1523 tem
285 1449 444 1547 suscepit
461 1473 527 1522 me.
578 1447 763 1540 Respondi
783 1447 826 1527 de
852 1445 1058 1537 quaestione
1080 1443 1185 1512 nobis
1235 1435 1415 1536 Ruperti,
1448 1457 1488 1512 ut
1508 1438 1593 1513 huie
1612 1446 1733 1515 inveni
1760 1451 1912 1539 resignet
1935 1456 2168 1526 sacerdotium
2189 1473 2224 1530 et

195 1553 396 1647 proposito,
421 1575 569 1643 sumque
587 1551 734 1618 miratus
752 1547 933 1618 audaciam
951 1568 1094 1633 eorum,
1122 1544 1184 1635 qui
1235 1544 1454 1613 adsentiatur
1480 1543 1742 1616 lllustrissimns
1764 1547 1950 1644 Princeps,
1990 1567 2030 1623 ut
2056 1552 2114 1626 hic
2135 1553 2223 1628 Ru·
2281 1586 2285 1599 ι

197 1654 471 1744 Magistratuum
495 1665 611 1721 errata
637 1663 804 1719 excusant
830 1661 1010 1739 praetextu
1034 1645 1201 1735 exempli·
1234 1638 1357 1739 pertus
1381 1639 1447 1715 hoc
1470 1649 1705 1721 sacerdotium
1725 1664 1852 1722 teneat.
1916 1653 2114 1726 Scriberem
2135 1685 2221 1753 pro.

197 1755 361 1827 Mosaici.
412 1753 451 1824 Si
468 1753 566 1822 ludet
583 1748 650 1820 boc
669 1753 777 1820 modo
795 1750 998 1842 posteritas,
1024 1746 1109 1840 quid
1127 1747 1185 1814 fn-
1235 1745 1359 1827 tirius,
1384 1748 1454 1814 nisi
1474 1771 1652 1838 parcerem
1671 1754 1961 1842 occupationibus
1978 1755 2123 1832 Vestris.
2174 1761 2222 1833 Et

196 1873 318 1930 turum
343 1855 417 1926 est?
450 1853 519 1924 Sed
541 1852 657 1923 Deum
679 1877 762 1936 oro,
795 1867 836 1922 ut
858 1864 954 1940 regat
980 1847 1183 1918 docentium
1235 1871 1315 1916 cum
1335 1846 1408 1915 Vos
1432 1849 1499 1938 ipsi
1515 1842 1722 1945 Rupertum
1745 1853 1930 1940 videbitis,
1956 1873 2100 1950 propter
2124 1861 2222 1951 inge-

196 1971 350 2042 mentes,
373 1969 407 2025 et
426 1967 467 2025 ut
490 1952 616 2024 Esaiae
638 1955 755 2023 verbis
779 1966 876 2036 utar,
903 1946 1094 2050 uppoylop
1116 1943 1184 2020 τὸν
1234 1949 1337 2016 nium
1352 1949 1427 2016 eius
1441 1950 1593 2020 libenter
1610 1976 1689 2022 eum
1708 1955 1931 2030 adiuvabitis.
1989 1957 2086 2030 Bene
2102 1964 2223 2034 valete.
2253 2011 2259 2029 ι

197 2055 463 2154 rdpoutveoir
474 2057 664 2148 μαθηταῖς
680 2052 813 2126 adseri:
1157 2074 1166 2086 ²
1234 2047 1302 2118 Die
1316 2048 1361 2123 X.
1378 2048 1482 2124 Febr.
1502 2048 1611 2126 1545.

210 2170 218 2179 '
298 2159 407 2230 Mitto
435 2159 502 2229 tibi
533 2157 792 2227 enarrationem
821 2153 950 2243 Quinti
972 2146 1183 2221 Etbicorum
1734 2152 1922 2249 Philippus
1949 2158 2174 2237 Melanthon·

198 2267 318 2332 veram
334 2274 367 2330 et
380 2284 454 2329 non
470 2261 665 2342 insuavem,
686 2258 787 2327 cuius
802 2256 988 2324 lectionem
1004 2254 1183 2322 interdum

199 2363 372 2453 voluptati
396 2361 463 2433 tibi
483 2384 555 2429 esse
578 2358 742 2451 optarim.
792 2346 972 2426 Carolum
988 2353 1185 2446 lmperato-

200 2486 276 2534 rem
300 2464 499 2532 existimant
522 2475 711 2530 venturum
741 2482 814 2528 esse
839 2460 890 2527 ad
907 2470 1119 2526 conventum
1145 2455 1184 2522 in
1233 2469 1302 2542 No,
1319 2469 1430 2539 5137,
2000 2521 2002 2524 ,
2062 2498 2104 2557 13
2135 2494 2211 2553 Febr

199 2567 290 2636 urbe
309 2561 349 2637 V
347 2561 550 2656 angionum
566 2556 783 2633 inchoatum.
833 2559 974 2630 Nollem
997 2557 1184 2650 pecuniam
1243 2565 1415 2595 w»
1607 2618 1611 2625 ,
2057 2578 2227 2609 som

199 2661 292 2736 mibi
306 2667 446 2734 missam
469 2684 541 2732 esse
557 2665 601 2732 ab
624 2658 869 2731 honestissima
887 2660 1035 2749 coniuge
1051 2654 1185 2727 Hiero-
1518 2673 1577 2763 A·
1609 2674 1932 2764 amerpachio

200 2764 322 2861 r'ryrm‘,
348 2778 381 2834 et
395 2765 561 2835 te‘decuic
585 2787 657 2832 uon
672 2763 838 2854 accipere.
889 2759 986 2830 Bene
1005 2760 1094 2831 vale.
1128 2759 1185 2826 die

201 2872 237 2942 7,
254 2867 440 2938 Februarii
454 2859 503 2961 *p
1324 2843 1346 2908 ᾧ
1364 2837 1402 2894 Er
1415 2860 1508 2913 apogr.
1527 2843 1555 2897 in
1572 2845 1634 2899 cod.
1653 2844 1736 2902 Gotb'.
1754 2850 1814 2907 190.
1833 2871 1860 2923 p.
1879 2854 1939 2910 115,

736 2959 893 3055 Philipp·
909 2957 1136 3035 Melanlhffll·
1276 2993 1368 3069 Dm.
1391 2992 1596 3070 Antonio
1621 2995 1942 3098 Lauterbach,
1968 3006 2073 3092 Past.
2089 3014 2192 3091 Eccl.

197 3153 1186 3188 ......,..............-.--------
1650 3097 1818 3183 Pirrrens.

1241 3214 1286 3303 S.
1312 3231 1357 3310 D.
1409 3231 1481 3302 Nee
1498 3255 1560 3350 epo
1575 3234 1684 3302 ullam
1705 3260 1779 3305 rem
1792 3239 1909 3309 aliam
1927 3243 2109 3319 ardentius
2131 3268 2225 3345 opto,

1243 3360 1349 3430 quam
1364 3349 1405 3406 ut
1426 3359 1506 3405 vere
1521 3350 1704 3405 snvocetur
1720 3335 1816 3407 Dens
1838 3355 1871 3410 et
1895 3344 2090 3420 celebretur
2112 3355 2227 3425 domi-

186 3307 390 3411 ·Nodtsss.
535 3309 540 3320 “
1033 3297 1089 3369 10.
1104 3302 1190 3363 rear.

202 3405 372 3438 w
1021 3390 1192 3419 ”N

514 3487 553 3570 Ι.
586 3483 881 3574 Ῑγθίηῑααόίο.
1110 3546 1117 3556 ἱ
1243 3460 1312 3507 nus
1340 3449 1461 3604 poster
1492 3432 1588 3504 lesus
1612 3432 1773 3507 Christus
1797 3453 1832 3509 ct
1855 3445 2014 3516 doctrina
2038 3447 2225 3545 Evangelii

1270 3561 1333 3606 ura
1366 3552 1420 3605 ate
1466 3561 1506 3603 ro
1533 3561 1550 3602 a
1576 3550 1655 3604 etur
1696 3565 1714 3606 e
1747 3563 1762 3606 s

276 3652 315 3707 m
333 3658 438 3722 autogr.
462 3645 534 3699 aret.
552 3644 582 3697 sn
601 3642 664 3698 eoa.
686 3640 800 3696 seusa
823 3637 921 3694 ome
944 3654 988 3709 ep.
1005 3636 1051 3691 ιι.
1069 3632 1193 3736 cairan
1243 3560 1464 3719 {primuml
1483 3559 1578 3727 qgofi
1602 3650 1641 3704 m
1660 3554 1729 3707 bal
1743 3557 1906 3728 {siffis
1927 3548 2226 3744 zgazmpptpffi

311 3714 525 3790 W⁰t⁸⁰¹²⁶³d²fl
543 3713 642 3784 progr.
660 3711 696 3765 ¹¹·
714 3730 756 3783 ΕΡ·
768 3711 812 3763 ¹¹·
840 3796 842 3801 ,
1243 3738 1341 3810 Deus
1363 3737 1565 3830 principum
1588 3760 1627 3804 ac
1649 3739 1834 3810 doctorum
1857 3760 1990 3817 mentes
2012 3760 2119 3843 regat.
2169 3757 2226 3831 Ex

208 3864 435 3944 Clarissimo
462 3864 540 3935 viro
565 3859 751 3948 doctrina,
784 3860 912 3931 virtute
943 3867 974 3927 et
996 3850 1193 3955 prudentia
1243 3841 1362 3911 animo
1377 3840 1499 3917 laetor,
1519 3834 1653 3954 Ducpm
1667 3835 1894 3912 Mauritium
1911 3861 1980 3918 tam
1997 3851 2134 3925 illustre
2148 3883 2228 3950 spe.

206 3970 418 4076 praestanti
431 3964 601 4037 Domino
619 3961 647 4032 I
660 3958 874 4034 ohanna·
905 3957 977 4032 W
973 3954 1094 4028 ein!
1105 3981 1130 4024 a
1148 3980 1194 4041 W,
1244 3944 1360 4013 timess
1386 3939 1553 4056 Prtebffrt}
1576 3939 1643 4029 pti,
1683 3940 1765 4010 iusti
1787 3960 1821 4015 ot
1844 3949 2015 4020 moderati
2044 3936 2225 4051 principis,

210 4069 447 4148 Cancellarr'o
469 4065 729 4149 Illustrr‘ssimi
750 4060 938 4159 Principis
955 4051 1193 4131 Marchr'onis
1243 4042 1377 4131 Mflgtw
1400 4043 1574 4130 prssesldlo
1597 4041 1756 4111 futurum
1779 4068 1881 4136 spero
1906 4064 1938 4119 et
1958 4049 2169 4129 Germaniae
2191 4079 2226 4135 et

474 4167 659 4239 Electorr's
674 4176 705 4238 et
721 4165 839 4237 amico
853 4187 931 4234 suo.
1242 4140 1420 4241 Eccleslae
1434 4138 1513 4225 Del,
1534 4165 1640 4233 quare
1655 4139 1769 4212 Deum
1787 4171 1979 4239 precemur,
2004 4170 2042 4225 ut
2057 4182 2137 4228 eum
2153 4183 2227 4234 ser.

1244 4259 1304 4314 vet
1322 4258 1356 4313 et
1373 4255 1541 4335 perpetuo
1557 4244 1737 4328 gubernet.
1768 4274 1773 4287 ·

210 4290 257 4380 S.
284 4306 328 4378 D.
379 4303 581 4375 Clarissim'e
596 4301 671 4386 vir,
695 4301 766 4369 scio
783 4321 857 4367 non
873 4309 1004 4365 temere
1026 4292 1193 4382 interpcl-
1345 4343 1398 4413 De
1422 4358 1597 4411 conventu
1617 4343 1656 4410 in
1676 4346 1764 4415 urbe
1787 4343 2026 4443 Vangionum
2045 4372 2077 4428 et
2095 4363 2138 4430 de
2159 4363 2208 4459 sy

212 4412 338 4481 lassd⁰⁵
355 4431 427 4477 0⁸⁵0
442 4428 518 4488 0⁰⁵2
545 4404 607 4497 ‘lui
629 4402 804 4493 rempubl
824 4400 1042 4488 gubernant’
1070 4406 1105 4463 et
1124 4393 1195 4460 vos
1245 4447 1341 4515 nodo
1364 4443 1576 4513 Tridentina
1600 4468 1696 4514 nunc
1719 4448 1906 4519 silentium
1923 4468 1986 4529 est.
2035 4453 2225 4534 Lurherus

212 4534 374 4601 magnam
394 4509 523 4578 molem
541 4506 761 4593 negotiorum
777 4500 948 4570 sustinere
964 4520 1035 4564 non
1059 4495 1195 4582 ignoro.
1267 4550 1288 4616 d
1351 4534 1359 4543 —
1473 4544 1481 4560 .
1594 4553 1596 4556 .
1941 4556 1949 4572 ,
2197 4568 2205 4583 .

213 4613 285 4686 Sed
310 4634 411 4703 spero
432 4605 520 4678 mibi
543 4605 680 4675 veniam
703 4603 800 4687 dari,
833 4622 952 4680 causas
975 4593 1196 4665 scholasticas
1245 4572 1265 4617 ὃ
1292 4559 1395 4666 pmat
1416 4558 1603 4634 ⁵⁰⁹¹pl¹¹¹¹¹’
1635 4571 1705 4664 q¹¹‚⁰
1732 4550 1861 4621 ‘esum
1880 4549 2076 4643 EP¹⁸¹⁰l³m
2098 4562 2228 4636 Ponti-

1246 4650 1360 4718 ficram
1383 4649 1426 4715 ad
1449 4642 1616 4714 Carolum
1641 4671 1781 4729 missam
1795 4643 1844 4746 *).
1900 4653 1997 4726 Bene
2014 4663 2091 4732 vale
2113 4679 2147 4737 et
2170 4692 2227 4737 re-

213 4711 488 4786 commendanti.
549 4706 639 4776 Nam
662 4720 696 4774 et
724 4700 788 4772 bae
817 4703 861 4770 ad
883 4699 1058 4789 rempubl.
1087 4696 1198 4787 perti·
1304 4751 1313 4766 ‚
1459 4747 1467 4762 ,
1741 4749 1763 4766 ..

214 4830 312 4886 nent.
370 4814 540 4885 Sacerdos
573 4821 625 4877 est
656 4808 693 4875 in
726 4796 943 4880 Soltwedel,
981 4791 1198 4866 Ioaelrr'mus
1245 4751 1371 4838 ·⁸⁰¹'¹b⁰⁰
1421 4744 1777 4820 D¹e13·‘Fel’f¹¹³l¹¹·

215 4910 353 4999 Plunls,
378 4915 440 5009 qni
453 4910 685 4981 sacerdotium
701 4930 804 4976 snum
821 4903 997 4991 resignare
1014 4899 1112 4990 cupit
1124 4899 1197 4967 filio

216 5042 299 5090 suae
320 5017 450 5087 sororis
464 5007 631 5107 Reperio
645 5003 801 5099 Krunge
817 5000 1110 5084 Soltwedelensi,
1134 5001 1200 5068 do-

214 5135 273 5192 cto
290 5115 429 5188 homini
443 5129 478 5186 et
492 5113 658 5203 facundo,
684 5110 746 5204 qni
761 5102 915 5179 triennio
933 5101 1085 5194 praefuit
1098 5095 1202 5170 scho-

1349 4948 1507 5019 Salntem
1521 4961 1604 5037 opto
1620 4929 1708 5019 Dfflo
1726 4943 1873 5026 Albino.
1895 4996 1898 5003 ·
2031 4861 2071 4933 P·
2092 4865 2144 4940 M·

1289 5221 1483 5293 &Epistolem
1508 5216 1647 5272 Pontificio
1671 5218 1705 5271 ad
1731 5220 1860 5302 carolum
1885 5223 1939 5283 vid.
1961 5229 1989 5282 in
2007 5231 2082 5306 Opp.
2099 5237 2177 5296 ιώ,
2193 5246 2228 5299 ed

217 5319 442 5336 -----
1328 5291 1444 5346 ννῃιώ,
1464 5285 1550 5341 XVll.
1568 5305 1596 5356 p.
1620 5285 1694 5340 1269.
1719 5290 1771 5342 Cur
1790 5292 1918 5416 opposuit
1937 5297 2069 5358 Lutberus
2086 5282 2238 5380 scripturn:

343 5449 350 5462 .
735 5443 743 5458 .
911 5437 918 5451 ι
952 5435 959 5448 ·
1128 5432 1144 5450 ..
1328 5360 1389 5441 etot
1412 5356 1552 5424 ‘posthum
1577 5369 1609 5423 ru
1631 5358 1700 5411 uon
1724 5370 1782 5414 ocos
1848 5364 1899 5428 utet
1920 5367 2026 5433 geprfm
2050 5372 2123 5438 (mn,
2142 5352 2236 5451 1⁵4ss

256 5452 286 5512 ιι)
305 5449 367 5504 Ap„
386 5466 480 5503 mnu,
495 5447 644 5501 respuant
659 5442 772 5508 delent,
790 5448 817 5493 et
834 5438 990 5510 adscripsit:
1020 5431 1209 5507 „Martum-
1328 5428 1460 5510 Princeps
1479 5424 1586 5478 Elector
1603 5431 1749 5493 optaverat,
1765 5434 1796 5479 ut
1812 5425 1945 5487 Lutbcrns
1962 5435 2065 5507 aliquid
2081 5443 2139 5498 eins
2156 5425 2242 5515 geue:

292 5536 330 5571 no
349 5517 451 5581 tow,
467 5529 498 5572 ut
515 5518 597 5571 ctiam
616 5512 786 5570 Camerarius
803 5506 899 5562 edidit.
1008 5532 1012 5546 ·
1332 5495 1528 5557 rissenberetr
1545 5489 1794 5563 'ld-‘Walt‘b
1808 5497 2243 5577 16.tan.est>0nunsa,20‚1„‚

1568 5559 1655 5636 es·
1753 5662 1758 5667 p
