4868 6420
108 294 183 418 uu
483 406 488 417 ,
624 334 628 341 ·
673 328 1112 414 umsronunou
1165 332 1275 408 um.
1311 331 1375 412 tx.
1403 330 1561 447 ests.
2068 336 2139 410 ue

100 512 198 588 Deus
227 531 391 588 aeternus
423 528 523 608 pater
551 513 689 585 domini
712 510 826 582 nostri
848 508 927 582 Iesu
941 482 1095 593 Christi,
1138 505 1333 632 Q.
1990 523 2045 584 11,
2064 513 2158 581 Oct.

1994 607 2131 635 Μ

100 619 163 711 qui
180 619 329 703 iuravit,
356 619 506 688 se'nolle
524 632 674 688 mortem
691 630 867 698 nostram,
892 612 1095 682 consoletur
1430 636 1436 643 ·
1503 678 1510 693 ,

99 732 134 789 tc
158 720 285 810 spiritu
308 734 430 791 sancto
452 743 529 790 suu.
597 717 710 789 Filius
731 709 888 785 Samuel
908 714 977 782 etit
1003 706 1093 779 mihi
1451 670 1554 758 tho
1586 673 1821 802 772⁶⁰ll⁰r00

100 824 378 892 commendatus.
446 817 633 890 Accersam
657 844 737 888 eum
762 819 885 887 adme
910 813 1092 907 quampri-
1124 827 1132 834 ’
1208 853 1489 923 nasta-snspensas
1503 855 1536 907 aa
1552 854 1618 925 epu
1632 853 1739 912 uu1v.
1755 856 1829 925 pus
1843 875 1884 927 sq.
1904 882 1937 899 -
1973 858 2134 915 numu-

100 946 208 996 mum.
261 920 357 993 Bene
374 923 469 1008 vale,
492 921 551 990 dle
572 925 629 994 ll·
647 917 818 991 Oclobt'ls
837 913 947 989 1545.
1244 922 1376 995 tograpbo
1390 923 1417 976 iu
1431 923 1493 977 cod.
1507 923 1618 978 Monac.
1633 922 1653 978 l.
1672 943 1699 995 p.
1713 925 1776 980 658.

1145 1078 1240 1155 Viro
1274 1079 1428 1178 optimo,
1466 1075 1519 1147 D.
1551 1075 1662 1150 Vico
1688 1074 1950 1163 Theodoro,
1993 1080 2137 1157 docenti

1302 1176 1486 1274 Evangel.
1514 1177 1554 1250 in
1580 1177 1751 1250 Ecclesia
1773 1179 1971 1278 Noriberg.

531 1186 1092 1206 man-nuw-

1141 1294 1185 1384 S.
1211 1310 1255 1382 D.
1306 1310 1421 1381 Video
1439 1314 1602 1405 equidem
1619 1312 1811 1403 sapientes,
1838 1319 1939 1408 quasi
1956 1320 2135 1410 attonitos,

1142 1438 1238 1484 nunc
1259 1415 1401 1484 demum
1424 1415 1547 1483 mirari
1572 1416 1849 1504 magnitudinem
1874 1443 2010 1504 rerum,
2044 1447 2136 1513 quae

401 1561 405 1567 -
557 1567 594 1650 ,d
1142 1530 1256 1585 motae
1274 1516 1411 1584 suntin
1429 1514 1600 1608 Imperiis.
1651 1515 1719 1586 Sed
1739 1519 1820 1608 quia
1836 1532 1870 1589 et
1887 1534 2005 1607 antea,
2033 1526 2133 1615 quasi
2183 1544 2215 1588 ,’

504 1569 561 1651 El
597 1597 672 1653 em·
1143 1619 1241 1709 signa
1258 1630 1522 1709 tempestatum,
1555 1614 1682 1686 harum
1705 1643 1823 1687 rerum
1846 1619 1946 1690 initia
1970 1611 2133 1694 conside-

170 1765 345 1834 †Ecodice
365 1758 459 1817 Bavari
484 1762 546 1818 Vol.
564 1762 596 1817 tt.
614 1782 641 1831 p.
655 1761 715 1817 884.
736 1781 751 1817 a
773 1758 974 1817 Zschcicbselio
994 1761 1023 1814 iu
1044 1759 1097 1813 den
1143 1721 1318 1837 ravimus,
1360 1733 1394 1789 et
1423 1717 1638 1838 ,Efflfflamt
1678 1742 1768 1797 ⁸⁰¹0’
1807 1746 2014 1836 ,mansuram
2049 1751 2134 1813 ⁰⁸⁵⁶,

206 1834 310 1890 Unsch.
330 1833 430 1889 Naetr.
449 1833 525 1887 1789.
544 1852 571 1904 p.
585 1832 660 1901 403..
684 1840 711 1884 et
734 1850 822 1912 nuper
841 1830 978 1886 anantio
998 1848 1040 1901 ep.
1053 1831 1097 1882 tt.
1144 1833 1279 1891 etiamst
1295 1835 1496 1890 concutitur
1509 1819 1743 1911 imperiorum
1760 1824 1892 1908 ruinis,
1918 1827 2133 1898 animosum

207 1904 427 1976 “³³¹¹>¹¹¹¹¹¹⁰⁸¹
441 1901 537 1956 ‘⁰⁶⁶³'
551 1904 613 1957 ⁰⁰⁶·
629 1903 720 1954 ⁶⁸⁰⁰⁰
734 1900 876 1971 ΜΨ·
1144 1922 1409 2014 tranquilliore,
1443 1947 1549 2014 quam
1572 1923 1643 2003 illi,
1676 1924 1737 2015 qui
1762 1947 1827 1991 nos
1848 1926 2021 2012 riserunt,
2047 1926 2133 2000 haec

377 2068 444 2148 N.
505 2071 522 2142 Ι
610 2067 668 2145 M
692 2065 742 2141 dl
833 2050 841 2059 ·
1144 2025 1385 2094 vaticinantes.
1435 2022 1567 2093 Desino
1586 2025 1693 2113 igitur
1707 2025 1834 2092 deillis
1851 2028 2013 2102 scribere.
2048 2029 2135 2101 Pre-

111 2180 118 2184 .
428 2098 497 2144 ¹⁶⁰
529 2099 584 2144 ⁰⁰
666 2096 682 2142 θ
750 2095 823 2142 ΠΟ
1144 2127 1243 2195 cibus
1264 2126 1381 2216 potius
1402 2121 1477 2194 Deo
1493 2124 1640 2194 Politias
1664 2130 1967 2209 commendemus,
2003 2146 2037 2200 et
2061 2147 2135 2204 stu-

68 2286 75 2293 .
103 2204 152 2296 S.
166 2226 211 2302 D.
253 2221 412 2298 Exhibui
428 2229 569 2296 tandem
588 2226 706 2295 literas
723 2236 800 2293 tuas
816 2223 889 2292 lilio
906 2235 981 2305 tun,
1002 2221 1098 2313 quod
1144 2228 1202 2296 dia
1217 2241 1337 2295 nostra
1354 2227 1521 2310 colamus,
1542 2251 1585 2295 ne
1601 2228 1660 2294 lux
1675 2229 1856 2296 doctrinae
1873 2232 2108 2320 extinguatur.

105 2331 310 2400 rumoribus
333 2351 389 2399 res
412 2329 728 2417 percrebrescebat.
779 2323 858 2398 Etsi
878 2336 996 2401 autem
1019 2336 1099 2391 tan·
1243 2322 1588 2411 BaouricoBaeio,
1615 2352 1675 2396 seu
1692 2325 1897 2414 Thersitae,
1929 2335 1991 2425 qui
2008 2338 2134 2406 advef.

17 2512 25 2520 ,
106 2447 182 2502 tum
206 2434 336 2502 vulnus
358 2431 460 2500 initio
482 2431 618 2500 nullum
642 2427 852 2497 medicinam
868 2428 1019 2518 patitur,
1045 2438 1099 2493 ta·
1143 2452 1202 2500 sns
1219 2445 1252 2501 te
1271 2430 1515 2520 spurcissimos
1531 2452 1650 2498 versus
1666 2430 1794 2512 edidit,
1821 2433 1975 2520 graviter
1988 2460 2136 2528 respon-

106 2558 189 2603 men
213 2549 248 2605 et
269 2534 336 2604 tibi
357 2545 390 2602 et
413 2533 466 2601 illi
492 2528 592 2620 hoc')
611 2531 860 2600 inculcandum
878 2551 1021 2608 censeo,
1047 2537 1098 2605 ut,
1144 2533 1242 2616 deri,
1277 2532 1396 2600 curavi
1411 2525 1460 2625 ¹⁶).
1494 2528 1608 2599 'Nam
1634 2525 1700 2601 boc
1722 2533 1814 2602 tristi
1840 2546 1996 2624 tempore
2018 2542 2136 2628 potius

108 2652 281 2730 quantum
296 2634 460 2727 potestis,
484 2633 599 2702 dolori
616 2631 829 2723 repugnetis.
866 2626 999 2699 Causae
1015 2651 1099 2717 pro·
1144 2636 1301 2702 dicamus
1316 2631 1483 2727 εὔφημα,
1512 2656 1618 2724 quam
1636 2635 1806 2719 convicia,
1831 2647 1870 2704 ut
1885 2635 2046 2708 Socrates
2059 2668 2137 2711 mo-
2212 2687 2216 2690 -

106 2739 242 2830 positae
264 2737 302 2806 in
325 2736 455 2806 divinis
478 2736 616 2826 scriptis
630 2735 733 2802 vobis
745 2745 849 2800 notae
866 2745 959 2801 sunt.
1012 2728 1100 2797 vult
1144 2737 1278 2804 riturus
1295 2735 1434 2826 inquit,
1461 2730 1523 2805 καὶ
1544 2729 1618 2831 γὰρ
1636 2729 1798 2827 ἀκήκοα,
1826 2733 1881 2807 ὅτι
1907 2737 1947 2810 ἐν
1970 2737 2137 2839 εὐφημίᾳ
2181 2738 2184 2742 ’

107 2865 173 2910 nos
196 2838 293 2908 Deus
317 2849 519 2908 nostrorum
543 2836 718 2905 desiderio
742 2833 863 2917 adfici,
896 2835 953 2921 sed
980 2844 1099 2899 tamen
1141 2832 1213 2930 χρὴ
1229 2840 1414 2907 τελευτᾶν.
1466 2833 1614 2904 Etiamsi
1634 2838 1830 2906 cadendum
1854 2853 1904 2907 est
1928 2844 2050 2929 nobis,
2083 2860 2137 2915 ta-

41 2972 46 2982 ’
107 2944 176 3027 ita,
209 2952 250 3011 ut
284 2941 519 3030 praeferamus
551 2938 660 3028 ipsius
692 2936 892 3026 imperium.
950 2931 990 3003 Si
1026 2931 1100 3020 ipse
1147 2963 1227 3007 men
1243 2937 1442 3007 testimonia
1458 2939 1719 3029 relinquamus,
1753 2943 1847 3032 quod
1869 2936 2013 3012 honeste
2031 2960 2064 3015 et
2081 2948 2169 3037 pie,

108 3058 230 3115 evocat
247 3058 398 3124 nostrus,
423 3042 587 3108 cedamus
605 3041 637 3106 ei
655 3040 698 3106 de
715 3036 933 3128 possessione
948 3033 1004 3102 sui
1020 3057 1100 3101 mu·
1146 3040 1377 3124 senserimus,
1410 3063 1450 3107 ac
1464 3039 1619 3107 laudatio
1636 3051 1717 3108 tuae
1734 3042 1914 3110 doctrinae
1934 3049 2137 3138 suppeditat

109 3147 218 3216 neris.
276 3143 357 3215 Non
390 3144 581 3210 fremamus
609 3141 776 3210 adversus
808 3163 901 3209 curn.
961 3132 1099 3202 Deinde
1145 3166 1210 3234 per
1232 3165 1304 3209 sese
1328 3141 1423 3208 locos
1446 3140 1669 3231 splendidos,
1694 3143 2012 3232 etlectorigratos.
2063 3148 2137 3222 Nec

111 3273 185 3317 non
200 3247 288 3315 levis
303 3260 351 3314 est
367 3241 452 3314 haec
469 3243 679 3312 consolatio:
707 3241 918 3332 quantulum
935 3238 974 3305 in
989 3249 1101 3303 morte
1147 3267 1209 3332 ego
1233 3242 1331 3330 vulgi
1355 3242 1524 3309 iudicium
1548 3265 1678 3311 moror.
1730 3240 1779 3313 Ut
1800 3244 1860 3342 ille
1876 3246 2138 3320 desertusace.

110 3351 198 3420 mali
215 3363 266 3419 est
291 3372 374 3438 prae
396 3345 468 3412 illis
491 3343 684 3424 aerumnis,
718 3364 804 3434 quas
831 3342 901 3408 iam
926 3335 1014 3428 tot²)
1036 3332 1101 3405 ho-
1147 3346 1247 3427 teris,
1288 3336 1522 3412 Antimachus
1555 3328 1661 3432 puto,
1693 3368 1773 3413 cum
1805 3343 1989 3415 Platonem
2025 3375 2140 3420 unum

110 3451 204 3521 nesti
233 3445 396 3519 homines
424 3447 599 3515 sustinent
624 3446 662 3512 in
687 3442 883 3511 Pannoniis
906 3454 939 3509 et
963 3437 1102 3520 Galliis,
1146 3446 1314 3515 mansisse
1338 3444 1494 3527 videret,
1528 3458 1561 3512 et
1584 3459 1764 3533 expectare
1789 3447 2140 3540 reliquumvolumi.
2200 3508 2205 3516 ,

109 3551 478 3647 quividentliberos,
504 3548 686 3636 coniuges,
719 3558 879 3634 parentes
901 3539 1103 3609 immaniter
1148 3548 1223 3629 nis,
1249 3547 1315 3625 ait,
1349 3568 1384 3613 se
1399 3543 1560 3614 Platonis
1577 3546 1684 3614 unius
1701 3545 1873 3615 iudicium
1890 3550 2002 3637 pluris
2018 3553 2141 3639 facere,

110 3655 280 3736 lacerari,
306 3651 505 3745 etquidem
527 3650 630 3740 ‹2¹5le
653 3647 846 3728 SUSllssessh
876 3644 953 3711 ⁵50⁸
977 3663 1103 3709 00ss80·
1149 3673 1254 3742 quam
1271 3660 1467 3716 ceterorum
1484 3646 1644 3713 omnium
1660 3646 1837 3734 suffragia.
1890 3647 1950 3719 Sic
1969 3648 2059 3720 mihi
2084 3678 2142 3725 sa-

110 3757 246 3826 latione
264 3769 298 3824 et
315 3755 390 3822 sine
406 3753 483 3821 luce
499 3749 681 3839 evangelii.
733 3743 971 3826 O‘miseriam,
997 3765 1103 3834 quam
1149 3752 1194 3820 tis
1217 3761 1284 3832 est,
1315 3747 1453 3837 placere
1467 3743 1696 3840 Hieronymo
1717 3761 1838 3817 nostro
1861 3764 1894 3819 et
1909 3739 2141 3842 Camerarm,

112 3859 233 3927 verbis
262 3856 381 3948 eloqui
410 3853 509 3921 nulla
542 3864 699 3921 creatura
730 3845 861 3938 potest!
924 3844 998 3914 Nos
1019 3866 1102 3910 vero
1150 3866 1184 3922 et
1215 3849 1332 3939 paucis
1364 3847 1504 3932 antitis,
1549 3873 1638 3941 quae
1672 3863 1852 3941 utcunque
1885 3857 2142 3944 componimus.

64 3996 67 4001 ·
113 3959 244 4051 gratias
270 3956 346 4028 Deo
381 3977 542 4045 agamus,
578 3952 640 4043 qui
673 3951 828 4019 ostendit
859 3947 964 4015 nobis
990 3943 1103 4012 fillum
1149 3952 1404 4023 Praedicantur
1420 3951 1458 4016 in
1474 3947 1639 4019 Carmine
1656 3953 1709 4020 tui
1722 3974 1853 4036 mores,
1883 3956 2053 4028 recitatur
2075 3963 2143 4030 doz

113 4086 219 4133 suurn
235 4074 270 4129 et
283 4058 449 4127 beneficia
467 4055 564 4126 filii..
594 4051 747 4124 Retineo
762 4047 878 4119 adhuc
894 4063 995 4142 tuum
1019 4068 1106 4134 gna·
1151 4054 1264 4124 ctrina
1279 4054 1322 4120 de
1339 4046 1495 4119 hominis
1511 4052 1735 4137 conditione,
1766 4055 1804 4121 in
1821 4079 1889 4147 qua
1905 4058 2009 4127 nubis
2025 4061 2141 4152 imago

113 4179 211 4246 turn,
238 4162 303 4231 etsi
318 4183 400 4228 mox
416 4160 460 4227 ad
476 4171 510 4226 te
527 4158 713 4225 adcurrere
730 4153 903 4244 cupiebat.
951 4145 1105 4217 Promisi
1150 4153 1400 4244 Deiimpressa
1419 4167 1486 4236 est,
1521 4154 1694 4242 delapsu,
1721 4156 1765 4223 de
1782 4155 1874 4242 lege,
1901 4159 1945 4226 de
1961 4161 2142 4234 beneficiis

113 4277 232 4337 autem
253 4263 304 4347 ei,
338 4285 395 4331 me
421 4282 687 4340 concessurum,
718 4256 1105 4342 utad·tepostpauc0s
1151 4251 1297 4327 Christi.
1347 4252 1443 4322 Haec
1462 4269 1545 4324 sunt
1568 4247 1820 4349 εὐφημότερα,
1849 4265 2143 4351 quamconvicia.

114 4368 192 4438 dies
214 4365 468 4457 proficiscatur.
533 4359 652 4449 Quare
677 4381 740 4447 per
763 4351 857 4424 bunc
881 4349 1104 4445 tabellarium
1152 4356 1336 4429 Laudatur
1361 4369 1396 4424 et
1417 4355 1538 4423 civitas
1563 4370 1689 4430 vestra,
1756 4359 1795 4429 si
1842 4361 1903 4429 uid
1924 4356 2143 4437 [oachimus

112 4469 226 4538 velim
247 4480 282 4537 te
301 4461 392 4536 mibi
415 4464 567 4533 scribere
581 4475 616 4530 et
631 4461 744 4529 lilium
760 4476 946 4526 accersere.
996 4450 1106 4534 Deus,
1152 4473 1266 4528 vester
1288 4457 1486 4546 componit,
1519 4454 1606 4526 mihi
1629 4459 1760 4539 mittas.
1812 4384 2143 4540 Pamerarr'useius

114 4583 219 4663 pater
237 4583 399 4639 aeternus
419 4565 557 4635 domini
573 4564 685 4632 nostri
704 4561 782 4630 lesu
801 4554 953 4636 Christi,
980 4576 1106 4621 conso·
1152 4575 1278 4630 venam
1299 4554 1446 4652 prohat,
1479 4557 2143 4656 11111111ρῃΕΙρςῑῃᾱριρςῑῃωΗδῑ,

113 4674 212 4743 letor
235 4684 268 4741 te
291 4669 419 4762 spiritu
444 4682 563 4737 sancto
587 4689 670 4749 suo,
704 4663 765 4756 qui
790 4676 842 4731 est
863 4648 1106 4750 παράκλητος.
1154 4688 1259 4753 quam
1276 4664 1320 4731 ad
1336 4686 1391 4729 me
1406 4684 1525 4729 recens
1542 4662 1692 4753 scripsit.
1743 4661 1885 4751 Lipsiae
1901 4668 1997 4736 enim
2015 4675 2141 4766 accepi.

113 4771 184 4846 Dl‘
201 4773 259 4847 12·
275 4768 445 4843 0⁰1⁰b¹i⁵
465 4765 574 4841 1545·
1152 4764 1251 4834 Bene
1267 4764 1355 4836 vale.
1406 4761 1474 4831 Die
1491 4764 1546 4836 12.
1564 4760 1743 4836 Octobris.
1758 4759 1819 4859 ”)

227 4902 235 4911 Ι
1656 4892 1847 4992 Philippus
1868 4898 2094 4983 Melanthon.

100 1385 169 1460 No.
185 1385 298 1462 2776.
701 1456 705 1464 ¹
940 1383 1095 1501 Q

107 1481 280 1512 Μ

108 5013 339 5030 m

154 5175 180 5243 ί)
196 5175 250 5227 '¹⁰⁰
263 5169 362 5225 ‘¹⁰3⁶ss
375 5188 390 5222 ²
404 5175 476 5222 iem
489 5165 577 5219 Dm
1188 5205 1218 5275 ¹¹¹)
1240 5206 1293 5259 Per
1315 5205 1480 5275 quemnam?
1507 5200 1608 5262 nescio.
1644 5205 1790 5261 Caeterum
1810 5204 1863 5260 vid.
1885 5205 2031 5263 decadem
2050 5231 2081 5266 re
2100 5231 2143 5287 ep.

151 5277 179 5343 2)
198 5285 240 5332 tot
254 5273 353 5330 excidit
365 5271 436 5345 apud
449 5270 537 5324 Dant·
1221 5275 1255 5329 ad
1268 5273 1372 5329 Theod.
1389 5272 1459 5327 infra
1473 5272 1500 5327 d.
1514 5275 1558 5330 25.
1573 5274 1638 5330 Oct.
1651 5276 1715 5330 b.o.

1188 5359 1236 5430 **)
1254 5358 1317 5413 Non
1332 5376 1405 5414 anno
1419 5359 1509 5436 1⁵48„
1526 5373 1556 5417 ut
1567 5360 1801 5430 Sauberto‚visum
1816 5369 1871 5430 est,
1889 5360 1935 5416 sed
1948 5361 2023 5420 1543.
2034 5364 2143 5440 scripta.

1297 5524 1392 5642 15¹⁵*
