<?xml version="1.0" encoding="UTF-8"?>
<!DOCTYPE html PUBLIC "-//W3C//DTD XHTML 1.0 Transitional//EN"
    "http://www.w3.org/TR/xhtml1/DTD/xhtml1-transitional.dtd">
<html xmlns="http://www.w3.org/1999/xhtml" xml:lang="en" lang="en">
 <head>
  <title>
</title>
<meta http-equiv="Content-Type" content="text/html;charset=utf-8" />
  <meta name='ocr-system' content='tesseract 3.04.00' />
  <meta name='ocr-capabilities' content='ocr_page ocr_carea ocr_par ocr_line ocrx_word'/>
</head>
<body>
  <div class='ocr_page' id='page_1' title='image "./philippimelanth13melagoog/philippimelanth13melagoog_0425.png"; bbox 0 0 4868 6420; ppageno 0'>
   <div class='ocr_carea' id='block_1_1' title="bbox 187 364 2227 452">
    <p class='ocr_par' dir='ltr' id='par_1_1' title="bbox 187 364 2227 452">
     <span class='ocr_line' id='line_1_1' title="bbox 187 364 2227 452; baseline -0.002 -2"><span class='ocrx_word' id='word_1_1' title='bbox 187 375 287 452; x_wconf 68' lang='lat' dir='ltr'>stt,</span> <span class='ocrx_word' id='word_1_2' title='bbox 764 364 1198 445; x_wconf 73' lang='lat' dir='ltr'>EPISTOLARUM</span> <span class='ocrx_word' id='word_1_3' title='bbox 1255 367 1364 445; x_wconf 86' lang='lat' dir='ltr'><strong>LIB.</strong></span> <span class='ocrx_word' id='word_1_4' title='bbox 1395 369 1460 445; x_wconf 81' lang='lat' dir='ltr'>tx,</span> <span class='ocrx_word' id='word_1_5' title='bbox 1514 365 1644 447; x_wconf 80' lang='lat'><strong>1646.</strong></span> <span class='ocrx_word' id='word_1_6' title='bbox 2152 372 2227 446; x_wconf 86' lang='grc'>818</span> 
     </span>
    </p>
   </div>
   <div class='ocr_carea' id='block_1_2' title="bbox 182 540 2222 841">
    <p class='ocr_par' dir='ltr' id='par_1_2' title="bbox 182 540 2222 841">
     <span class='ocr_line' id='line_1_2' title="bbox 188 540 2222 642; baseline -0.002 -22"><span class='ocrx_word' id='word_1_7' title='bbox 188 564 284 642; x_wconf 91' lang='lat' dir='ltr'>ptam</span> <span class='ocrx_word' id='word_1_8' title='bbox 300 571 373 617; x_wconf 92' lang='lat' dir='ltr'>esse</span> <span class='ocrx_word' id='word_1_9' title='bbox 389 561 423 617; x_wconf 92' lang='lat' dir='ltr'>et</span> <span class='ocrx_word' id='word_1_10' title='bbox 437 540 703 638; x_wconf 81' lang='lat' dir='ltr'><strong>philosophice,</strong></span> <span class='ocrx_word' id='word_1_11' title='bbox 720 545 779 613; x_wconf 91' lang='lat' dir='ltr'>sed</span> <span class='ocrx_word' id='word_1_12' title='bbox 799 544 1012 635; x_wconf 78' lang='lat' dir='ltr'>scripsissem</span> <span class='ocrx_word' id='word_1_13' title='bbox 1027 541 1183 626; x_wconf 88' lang='lat' dir='ltr'>uberius,</span> <span class='ocrx_word' id='word_1_14' title='bbox 1232 552 1267 610; x_wconf 91' lang='lat' dir='ltr'>et</span> <span class='ocrx_word' id='word_1_15' title='bbox 1287 542 1331 609; x_wconf 89' lang='lat' dir='ltr'>de</span> <span class='ocrx_word' id='word_1_16' title='bbox 1353 541 1447 611; x_wconf 89' lang='lat' dir='ltr'>vitae</span> <span class='ocrx_word' id='word_1_17' title='bbox 1469 542 1672 628; x_wconf 90' lang='lat' dir='ltr'>doctrinae,</span> <span class='ocrx_word' id='word_1_18' title='bbox 1698 543 1771 613; x_wconf 93' lang='lat' dir='ltr'>imo</span> <span class='ocrx_word' id='word_1_19' title='bbox 1795 543 1900 613; x_wconf 90' lang='lat' dir='ltr'>etiam</span> <span class='ocrx_word' id='word_1_20' title='bbox 1915 544 1959 614; x_wconf 92' lang='lat' dir='ltr'>de</span> <span class='ocrx_word' id='word_1_21' title='bbox 1980 544 2044 615; x_wconf 92' lang='lat' dir='ltr'>illo</span> <span class='ocrx_word' id='word_1_22' title='bbox 2059 544 2137 637; x_wconf 90' lang='lat' dir='ltr'>ipso</span> <span class='ocrx_word' id='word_1_23' title='bbox 2156 547 2222 616; x_wconf 92' lang='lat' dir='ltr'>do-</span> 
     </span>
     <span class='ocr_line' id='line_1_3' title="bbox 182 638 2222 739; baseline -0.002 -19"><span class='ocrx_word' id='word_1_24' title='bbox 182 638 260 722; x_wconf 65' lang='lat' dir='ltr'>&#39;uisi</span> <span class='ocrx_word' id='word_1_25' title='bbox 278 648 346 722; x_wconf 93' lang='lat' dir='ltr'>hoc</span> <span class='ocrx_word' id='word_1_26' title='bbox 361 650 427 720; x_wconf 91' lang='lat' dir='ltr'>iter</span> <span class='ocrx_word' id='word_1_27' title='bbox 444 649 609 738; x_wconf 82' lang='lat' dir='ltr'>abrumpi</span> <span class='ocrx_word' id='word_1_28' title='bbox 631 642 833 719; x_wconf 82' lang='lat' dir='ltr'>inchoatam</span> <span class='ocrx_word' id='word_1_29' title='bbox 848 646 1033 716; x_wconf 82' lang='lat' dir='ltr'>materiam</span> <span class='ocrx_word' id='word_1_30' title='bbox 1050 643 1183 734; x_wconf 74' lang='lat' dir='ltr'>coegis-</span> <span class='ocrx_word' id='word_1_31' title='bbox 1231 643 1365 711; x_wconf 89' lang='lat' dir='ltr'>ctrinae</span> <span class='ocrx_word' id='word_1_32' title='bbox 1380 665 1525 731; x_wconf 85' lang='lat' dir='ltr'>genere,</span> <span class='ocrx_word' id='word_1_33' title='bbox 1547 644 1585 712; x_wconf 92' lang='lat' dir='ltr'>in</span> <span class='ocrx_word' id='word_1_34' title='bbox 1602 669 1673 737; x_wconf 89' lang='lat' dir='ltr'>quo</span> <span class='ocrx_word' id='word_1_35' title='bbox 1687 668 1724 714; x_wconf 92' lang='lat' dir='ltr'>se</span> <span class='ocrx_word' id='word_1_36' title='bbox 1741 646 1845 730; x_wconf 90' lang='lat' dir='ltr'>deus,</span> <span class='ocrx_word' id='word_1_37' title='bbox 1864 661 2028 718; x_wconf 90' lang='lat' dir='ltr'>aeternus</span> <span class='ocrx_word' id='word_1_38' title='bbox 2042 660 2142 739; x_wconf 92' lang='lat' dir='ltr'>pater</span> <span class='ocrx_word' id='word_1_39' title='bbox 2157 651 2222 717; x_wconf 91' lang='lat' dir='ltr'>do·</span> 
     </span>
     <span class='ocr_line' id='line_1_4' title="bbox 188 742 2221 841; baseline -0.004 -16"><span class='ocrx_word' id='word_1_40' title='bbox 188 767 252 826; x_wconf 86' lang='lat' dir='ltr'>set.</span> <span class='ocrx_word' id='word_1_41' title='bbox 304 751 505 826; x_wconf 87' lang='lat' dir='ltr'>Benevalc.</span> <span class='ocrx_word' id='word_1_42' title='bbox 531 752 568 824; x_wconf 80' lang='lat'>2.</span> <span class='ocrx_word' id='word_1_43' title='bbox 584 747 736 839; x_wconf 84' lang='lat' dir='ltr'>Augusti</span> <span class='ocrx_word' id='word_1_44' title='bbox 751 742 799 841; x_wconf 77' lang='lat'>⁸).</span> <span class='ocrx_word' id='word_1_45' title='bbox 1229 744 1321 813; x_wconf 92' lang='lat' dir='ltr'>mini</span> <span class='ocrx_word' id='word_1_46' title='bbox 1353 745 1468 832; x_wconf 86' lang='lat' dir='ltr'>nostri</span> <span class='ocrx_word' id='word_1_47' title='bbox 1499 744 1579 816; x_wconf 87' lang='lat' dir='ltr'>Iesu</span> <span class='ocrx_word' id='word_1_48' title='bbox 1609 742 1744 817; x_wconf 87' lang='lat' dir='ltr'>Christi</span> <span class='ocrx_word' id='word_1_49' title='bbox 1783 746 1980 818; x_wconf 83' lang='lat' dir='ltr'>illustribus</span> <span class='ocrx_word' id='word_1_50' title='bbox 2009 748 2221 818; x_wconf 83' lang='lat' dir='ltr'>testimoniis</span> 
     </span>
    </p>
   </div>
   <div class='ocr_carea' id='block_1_3' title="bbox 700 846 2354 956">
    <p class='ocr_par' dir='ltr' id='par_1_3' title="bbox 700 846 2354 956">
     <span class='ocr_line' id='line_1_5' title="bbox 700 846 2354 956; baseline -0.01 -21"><span class='ocrx_word' id='word_1_51' title='bbox 700 860 888 956; x_wconf 91' lang='lat' dir='ltr'>Philippus</span> <span class='ocrx_word' id='word_1_52' title='bbox 907 856 1133 933; x_wconf 79' lang='lat' dir='ltr'>Melanthon.</span> <span class='ocrx_word' id='word_1_53' title='bbox 1230 846 1410 935; x_wconf 82' lang='lat' dir='ltr'>patefecit,</span> <span class='ocrx_word' id='word_1_54' title='bbox 1433 870 1579 936; x_wconf 90' lang='lat' dir='ltr'>magnae</span> <span class='ocrx_word' id='word_1_55' title='bbox 1593 847 1806 918; x_wconf 90' lang='lat' dir='ltr'>iudiciorum</span> <span class='ocrx_word' id='word_1_56' title='bbox 1823 848 2129 920; x_wconf 88' lang='lat' dir='ltr'>dissimilitudines</span> <span class='ocrx_word' id='word_1_57' title='bbox 2144 851 2223 921; x_wconf 81' lang='lat' dir='ltr'>fue·</span> <span class='ocrx_word' id='word_1_58' title='bbox 2346 918 2354 933; x_wconf 73' lang='lat'>‚</span> 
     </span>
    </p>
   </div>
   <div class='ocr_carea' id='block_1_4' title="bbox 189 946 2257 1649">
    <p class='ocr_par' dir='ltr' id='par_1_4' title="bbox 1230 946 2221 1037">
     <span class='ocr_line' id='line_1_6' title="bbox 1230 946 2221 1037; baseline 0.003 -21"><span class='ocrx_word' id='word_1_59' title='bbox 1230 959 1326 1021; x_wconf 90' lang='lat' dir='ltr'>runt.</span> <span class='ocrx_word' id='word_1_60' title='bbox 1378 946 1499 1037; x_wconf 87' lang='lat' dir='ltr'>Quare</span> <span class='ocrx_word' id='word_1_61' title='bbox 1525 953 1569 1019; x_wconf 89' lang='lat' dir='ltr'>de</span> <span class='ocrx_word' id='word_1_62' title='bbox 1592 951 1744 1036; x_wconf 87' lang='lat' dir='ltr'>artibus,</span> <span class='ocrx_word' id='word_1_63' title='bbox 1771 973 1845 1018; x_wconf 91' lang='lat' dir='ltr'>non</span> <span class='ocrx_word' id='word_1_64' title='bbox 1865 974 1907 1018; x_wconf 82' lang='lat' dir='ltr'>ex</span> <span class='ocrx_word' id='word_1_65' title='bbox 1927 952 2087 1021; x_wconf 90' lang='lat' dir='ltr'>omnium</span> <span class='ocrx_word' id='word_1_66' title='bbox 2103 974 2221 1020; x_wconf 82' lang='lat' dir='ltr'>exem-</span> 
     </span>
    </p>

    <p class='ocr_par' dir='ltr' id='par_1_5' title="bbox 193 1049 2222 1142">
     <span class='ocr_line' id='line_1_7' title="bbox 193 1049 2222 1142; baseline 0.005 -30"><span class='ocrx_word' id='word_1_67' title='bbox 193 1062 642 1134; x_wconf 61' lang='lat'>.........-„...&#39;..„.-..„,.</span> <span class='ocrx_word' id='word_1_68' title='bbox 1021 1114 1171 1125; x_wconf 68' lang='lat'><em>..-...</em></span> <span class='ocrx_word' id='word_1_69' title='bbox 1232 1049 1298 1140; x_wconf 89' lang='lat' dir='ltr'>plis</span> <span class='ocrx_word' id='word_1_70' title='bbox 1315 1050 1378 1142; x_wconf 90' lang='lat' dir='ltr'>qui</span> <span class='ocrx_word' id='word_1_71' title='bbox 1402 1073 1459 1118; x_wconf 90' lang='lat' dir='ltr'>eas</span> <span class='ocrx_word' id='word_1_72' title='bbox 1482 1063 1732 1132; x_wconf 87' lang='lat' dir='ltr'>contemnunt,</span> <span class='ocrx_word' id='word_1_73' title='bbox 1760 1052 1821 1121; x_wconf 87' lang='lat' dir='ltr'>sed</span> <span class='ocrx_word' id='word_1_74' title='bbox 1836 1075 1876 1120; x_wconf 89' lang='lat' dir='ltr'>ex</span> <span class='ocrx_word' id='word_1_75' title='bbox 1895 1050 2006 1120; x_wconf 85' lang='lat' dir='ltr'>firmis</span> <span class='ocrx_word' id='word_1_76' title='bbox 2022 1052 2222 1123; x_wconf 87' lang='lat' dir='ltr'>rationibus</span> 
     </span>
    </p>

    <p class='ocr_par' dir='ltr' id='par_1_6' title="bbox 1230 1149 2219 1226">
     <span class='ocr_line' id='line_1_8' title="bbox 1230 1149 2219 1226; baseline 0.005 -7"><span class='ocrx_word' id='word_1_77' title='bbox 1230 1163 1264 1219; x_wconf 92' lang='lat' dir='ltr'>et</span> <span class='ocrx_word' id='word_1_78' title='bbox 1278 1151 1490 1220; x_wconf 89' lang='lat' dir='ltr'>testimoniis</span> <span class='ocrx_word' id='word_1_79' title='bbox 1507 1153 1737 1222; x_wconf 92' lang='lat' dir='ltr'>iudicandum</span> <span class='ocrx_word' id='word_1_80' title='bbox 1762 1166 1823 1226; x_wconf 84' lang='lat' dir='ltr'>est.</span> <span class='ocrx_word' id='word_1_81' title='bbox 1874 1149 1928 1223; x_wconf 87' lang='lat' dir='ltr'>Ac</span> <span class='ocrx_word' id='word_1_82' title='bbox 1947 1166 1988 1222; x_wconf 93' lang='lat' dir='ltr'>ut</span> <span class='ocrx_word' id='word_1_83' title='bbox 2009 1156 2053 1223; x_wconf 94' lang='lat' dir='ltr'>de</span> <span class='ocrx_word' id='word_1_84' title='bbox 2075 1155 2219 1224; x_wconf 90' lang='lat' dir='ltr'>caeteris</span> 
     </span>
    </p>

    <p class='ocr_par' dir='ltr' id='par_1_7' title="bbox 189 1253 2257 1447">
     <span class='ocr_line' id='line_1_9' title="bbox 189 1253 2257 1357; baseline 0.005 -42"><span class='ocrx_word' id='word_1_85' title='bbox 189 1276 258 1350; x_wconf 44' lang='lat' dir='ltr'>No·</span> <span class='ocrx_word' id='word_1_86' title='bbox 271 1272 384 1349; x_wconf 46' lang='lat'><strong>3241·</strong></span> <span class='ocrx_word' id='word_1_87' title='bbox 1064 1276 1120 1356; x_wconf 68' lang='lat' dir='ltr'>(h,</span> <span class='ocrx_word' id='word_1_88' title='bbox 1134 1272 1182 1352; x_wconf 54' lang='lat' dir='ltr'>g)</span> <span class='ocrx_word' id='word_1_89' title='bbox 1230 1253 1366 1322; x_wconf 90' lang='lat' dir='ltr'>artibus</span> <span class='ocrx_word' id='word_1_90' title='bbox 1379 1276 1453 1322; x_wconf 92' lang='lat' dir='ltr'>non</span> <span class='ocrx_word' id='word_1_91' title='bbox 1469 1253 1602 1339; x_wconf 87' lang='lat' dir='ltr'>dicam,</span> <span class='ocrx_word' id='word_1_92' title='bbox 1626 1257 1718 1324; x_wconf 88' lang='lat' dir='ltr'>duae</span> <span class='ocrx_word' id='word_1_93' title='bbox 1737 1265 1821 1326; x_wconf 93' lang='lat' dir='ltr'>sunt</span> <span class='ocrx_word' id='word_1_94' title='bbox 1844 1270 1961 1345; x_wconf 89' lang='lat' dir='ltr'>partes</span> <span class='ocrx_word' id='word_1_95' title='bbox 1974 1255 2155 1326; x_wconf 91' lang='lat' dir='ltr'>doctrinae</span> <span class='ocrx_word' id='word_1_96' title='bbox 2176 1258 2220 1325; x_wconf 91' lang='lat' dir='ltr'>de</span> <span class='ocrx_word' id='word_1_97' title='bbox 2255 1351 2257 1357; x_wconf 23' lang='grc' dir='ltr'>Ι</span> 
     </span>
     <span class='ocr_line' id='line_1_10' title="bbox 197 1355 2218 1447; baseline 0.004 -29"><span class='ocrx_word' id='word_1_98' title='bbox 197 1373 370 1405; x_wconf 57' lang='lat'>*0⁸⁴</span> <span class='ocrx_word' id='word_1_99' title='bbox 1044 1365 1182 1390; x_wconf 53' lang='grc' dir='ltr'>Μ</span> <span class='ocrx_word' id='word_1_100' title='bbox 1230 1355 1350 1437; x_wconf 87' lang='lat' dir='ltr'>astris,</span> <span class='ocrx_word' id='word_1_101' title='bbox 1382 1379 1533 1447; x_wconf 91' lang='lat' dir='ltr'>quarum</span> <span class='ocrx_word' id='word_1_102' title='bbox 1553 1356 1662 1425; x_wconf 89' lang='lat' dir='ltr'>altera</span> <span class='ocrx_word' id='word_1_103' title='bbox 1694 1357 1904 1427; x_wconf 90' lang='lat' dir='ltr'>certissimas</span> <span class='ocrx_word' id='word_1_104' title='bbox 1933 1356 2025 1446; x_wconf 91' lang='lat' dir='ltr'>leges</span> <span class='ocrx_word' id='word_1_105' title='bbox 2054 1371 2218 1428; x_wconf 91' lang='lat' dir='ltr'>motuum</span> 
     </span>
    </p>

    <p class='ocr_par' dir='ltr' id='par_1_8' title="bbox 560 1453 2220 1576">
     <span class='ocr_line' id='line_1_11' title="bbox 560 1453 2220 1576; baseline 0.006 -56"><span class='ocrx_word' id='word_1_106' title='bbox 560 1463 803 1576; x_wconf 49' lang='lat' dir='ltr'>staffatgo·</span> <span class='ocrx_word' id='word_1_107' title='bbox 997 1496 1004 1506; x_wconf 84' lang='lat'>·</span> <span class='ocrx_word' id='word_1_108' title='bbox 1230 1457 1401 1541; x_wconf 89' lang='lat' dir='ltr'>ostendit,</span> <span class='ocrx_word' id='word_1_109' title='bbox 1433 1457 1541 1526; x_wconf 88' lang='lat' dir='ltr'>altera</span> <span class='ocrx_word' id='word_1_110' title='bbox 1563 1453 1724 1550; x_wconf 80' lang='grc' dir='ltr'>μαντικὴ</span> <span class='ocrx_word' id='word_1_111' title='bbox 1747 1482 1807 1527; x_wconf 90' lang='lat' dir='ltr'>seu</span> <span class='ocrx_word' id='word_1_112' title='bbox 1831 1457 2022 1529; x_wconf 82' lang='lat' dir='ltr'>divinatrix</span> <span class='ocrx_word' id='word_1_113' title='bbox 2044 1472 2220 1530; x_wconf 91' lang='lat' dir='ltr'>monstrat</span> 
     </span>
    </p>

    <p class='ocr_par' dir='ltr' id='par_1_9' title="bbox 1230 1556 2218 1649">
     <span class='ocr_line' id='line_1_12' title="bbox 1230 1556 2218 1649; baseline 0.006 -24"><span class='ocrx_word' id='word_1_114' title='bbox 1230 1556 1386 1627; x_wconf 87' lang='lat' dir='ltr'>siderum</span> <span class='ocrx_word' id='word_1_115' title='bbox 1409 1558 1553 1628; x_wconf 85' lang='lat' dir='ltr'>effectus</span> <span class='ocrx_word' id='word_1_116' title='bbox 1577 1582 1639 1629; x_wconf 90' lang='lat' dir='ltr'>seu</span> <span class='ocrx_word' id='word_1_117' title='bbox 1658 1557 1938 1649; x_wconf 86' lang='lat' dir='ltr'>significationes.</span> <span class='ocrx_word' id='word_1_118' title='bbox 1995 1556 2075 1632; x_wconf 85' lang='lat' dir='ltr'>Etsi</span> <span class='ocrx_word' id='word_1_119' title='bbox 2099 1574 2218 1630; x_wconf 91' lang='lat' dir='ltr'>autem</span> 
     </span>
    </p>
   </div>
   <div class='ocr_carea' id='block_1_5' title="bbox 259 1623 2217 1766">
    <p class='ocr_par' dir='ltr' id='par_1_10' title="bbox 259 1623 2217 1766">
     <span class='ocr_line' id='line_1_13' title="bbox 259 1623 2217 1766; baseline -0.001 -35"><span class='ocrx_word' id='word_1_120' title='bbox 259 1633 428 1756; x_wconf 51' lang='lat' dir='ltr'>D‘s‘gssss&#39;ssgss&#39;,</span> <span class='ocrx_word' id='word_1_121' title='bbox 441 1626 629 1753; x_wconf 44' lang='lat' dir='ltr'>3222,ng</span> <span class='ocrx_word' id='word_1_122' title='bbox 638 1623 1180 1766; x_wconf 44' lang='grc' dir='ltr'>ξὶἷὸξζῃῗξρῗιῃζῇῑωξῇἓῗῖζ,’ἓξὲξ</span> <span class='ocrx_word' id='word_1_123' title='bbox 1228 1658 1329 1749; x_wconf 91' lang='lat' dir='ltr'>prior</span> <span class='ocrx_word' id='word_1_124' title='bbox 1343 1682 1424 1749; x_wconf 92' lang='lat' dir='ltr'>pars</span> <span class='ocrx_word' id='word_1_125' title='bbox 1440 1682 1481 1728; x_wconf 80' lang='lat' dir='ltr'>ex</span> <span class='ocrx_word' id='word_1_126' title='bbox 1495 1661 1692 1731; x_wconf 83' lang='lat' dir='ltr'>manifestis</span> <span class='ocrx_word' id='word_1_127' title='bbox 1705 1660 2067 1732; x_wconf 87' lang='lat' dir='ltr'>demonstrationibus</span> <span class='ocrx_word' id='word_1_128' title='bbox 2081 1673 2217 1731; x_wconf 83' lang='lat' dir='ltr'>exstru-</span> 
     </span>
    </p>
   </div>
   <div class='ocr_carea' id='block_1_6' title="bbox 190 1757 2316 4830">
    <p class='ocr_par' dir='ltr' id='par_1_11' title="bbox 190 1757 2316 4830">
     <span class='ocr_line' id='line_1_14' title="bbox 292 1757 2217 1852; baseline -0.004 -13"><span class='ocrx_word' id='word_1_129' title='bbox 292 1769 422 1824; x_wconf 72' lang='lat' dir='ltr'>urionem</span> <span class='ocrx_word' id='word_1_130' title='bbox 436 1785 453 1822; x_wconf 77' lang='lat'><strong>⁰</strong></span> <span class='ocrx_word' id='word_1_131' title='bbox 467 1766 628 1821; x_wconf 57' lang='lat' dir='ltr'>⁰⁸t¹⁸¹¹¹⁸¹t</span> <span class='ocrx_word' id='word_1_132' title='bbox 641 1763 774 1821; x_wconf 73' lang='lat' dir='ltr'>Melanch.</span> <span class='ocrx_word' id='word_1_133' title='bbox 1229 1773 1284 1830; x_wconf 89' lang='lat' dir='ltr'>cta</span> <span class='ocrx_word' id='word_1_134' title='bbox 1299 1774 1350 1830; x_wconf 92' lang='lat' dir='ltr'>est</span> <span class='ocrx_word' id='word_1_135' title='bbox 1364 1774 1400 1831; x_wconf 92' lang='lat' dir='ltr'>et</span> <span class='ocrx_word' id='word_1_136' title='bbox 1419 1761 1607 1833; x_wconf 89' lang='lat' dir='ltr'>utilitatem</span> <span class='ocrx_word' id='word_1_137' title='bbox 1623 1757 1715 1832; x_wconf 78' lang='lat' dir='ltr'>ha‘nc</span> <span class='ocrx_word' id='word_1_138' title='bbox 1729 1761 1904 1852; x_wconf 80' lang='lat' dir='ltr'>insignem</span> <span class='ocrx_word' id='word_1_139' title='bbox 1918 1775 1953 1832; x_wconf 91' lang='lat' dir='ltr'>et</span> <span class='ocrx_word' id='word_1_140' title='bbox 1967 1762 2135 1833; x_wconf 90' lang='lat' dir='ltr'>omnibus</span> <span class='ocrx_word' id='word_1_141' title='bbox 2149 1787 2217 1832; x_wconf 95' lang='lat' dir='ltr'>no-</span> 
     </span>
     <span class='ocr_line' id='line_1_15' title="bbox 232 1862 2224 1992; baseline -0.005 -50"><span class='ocrx_word' id='word_1_142' title='bbox 232 1915 271 1992; x_wconf 79' lang='grc' dir='ltr'><em>Ρ</em></span> <span class='ocrx_word' id='word_1_143' title='bbox 402 1916 410 1935; x_wconf 83' lang='lat'><strong>·</strong></span> <span class='ocrx_word' id='word_1_144' title='bbox 465 1917 473 1932; x_wconf 84' lang='lat'><strong>·</strong></span> <span class='ocrx_word' id='word_1_145' title='bbox 525 1911 577 1983; x_wconf 58' lang='lat' dir='ltr'>pb</span> <span class='ocrx_word' id='word_1_146' title='bbox 663 1906 705 1982; x_wconf 56' lang='lat' dir='ltr'>de</span> <span class='ocrx_word' id='word_1_147' title='bbox 741 1907 816 1981; x_wconf 85' lang='lat' dir='ltr'>&#39;d&#39;</span> <span class='ocrx_word' id='word_1_148' title='bbox 843 1910 866 1928; x_wconf 86' lang='lat'>.·</span> <span class='ocrx_word' id='word_1_149' title='bbox 909 1908 1148 1981; x_wconf 44' lang='lat' dir='ltr'>”apostatum</span> <span class='ocrx_word' id='word_1_150' title='bbox 1224 1875 1299 1930; x_wconf 82' lang='lat' dir='ltr'>tam</span> <span class='ocrx_word' id='word_1_151' title='bbox 1318 1862 1647 1947; x_wconf 90' lang='lat' dir='ltr'>continet,utanni</span> <span class='ocrx_word' id='word_1_152' title='bbox 1665 1876 1897 1934; x_wconf 88' lang='lat' dir='ltr'>metascertas</span> <span class='ocrx_word' id='word_1_153' title='bbox 1914 1877 1948 1934; x_wconf 92' lang='lat' dir='ltr'>et</span> <span class='ocrx_word' id='word_1_154' title='bbox 1963 1865 2116 1956; x_wconf 90' lang='lat' dir='ltr'>partium</span> <span class='ocrx_word' id='word_1_155' title='bbox 2131 1865 2224 1941; x_wconf 40' lang='lat' dir='ltr'>anni.</span> 
     </span>
     <span class='ocr_line' id='line_1_16' title="bbox 267 1919 2281 2088; baseline -0.004 -46"><span class='ocrx_word' id='word_1_156' title='bbox 267 1919 554 2088; x_wconf 56' lang='lat' dir='ltr'><em>mesamlmh&#39;</em></span> <span class='ocrx_word' id='word_1_157' title='bbox 581 1937 650 2032; x_wconf 66' lang='lat'>⁷⁰⁸·</span> <span class='ocrx_word' id='word_1_158' title='bbox 700 1936 882 2084; x_wconf 63' lang='lat' dir='ltr'><em>Smhm&#39;s</em></span> <span class='ocrx_word' id='word_1_159' title='bbox 928 2013 936 2029; x_wconf 84' lang='lat'><strong>.</strong></span> <span class='ocrx_word' id='word_1_160' title='bbox 978 1938 990 1980; x_wconf 69' lang='lat'><strong><em>¹</em></strong></span> <span class='ocrx_word' id='word_1_161' title='bbox 1229 1962 1637 2056; x_wconf 82' lang='lat' dir='ltr'>iustamdescriptionem</span> <span class='ocrx_word' id='word_1_162' title='bbox 1654 1966 1785 2035; x_wconf 89' lang='lat' dir='ltr'>notatis</span> <span class='ocrx_word' id='word_1_163' title='bbox 1802 1963 2034 2059; x_wconf 89' lang='lat' dir='ltr'>aequinoctiis</span> <span class='ocrx_word' id='word_1_164' title='bbox 2050 1979 2084 2036; x_wconf 90' lang='lat' dir='ltr'>et</span> <span class='ocrx_word' id='word_1_165' title='bbox 2099 1966 2219 2038; x_wconf 84' lang='lat' dir='ltr'>solsti—</span> <span class='ocrx_word' id='word_1_166' title='bbox 2276 1998 2281 2005; x_wconf 57' lang='lat'><strong><em>¹</em></strong></span> 
     </span>
     <span class='ocr_line' id='line_1_17' title="bbox 470 2036 2219 2149; baseline -0.002 -6"><span class='ocrx_word' id='word_1_167' title='bbox 470 2043 490 2087; x_wconf 86' lang='lat'><em>⁰</em></span> <span class='ocrx_word' id='word_1_168' title='bbox 535 2039 674 2120; x_wconf 43' lang='grc' dir='ltr'>ΜΡΝ</span> <span class='ocrx_word' id='word_1_169' title='bbox 724 2037 755 2121; x_wconf 81' lang='lat'>,⁶</span> <span class='ocrx_word' id='word_1_170' title='bbox 800 2036 944 2084; x_wconf 64' lang='lat' dir='ltr'>‘mm‘</span> <span class='ocrx_word' id='word_1_171' title='bbox 1229 2065 1288 2134; x_wconf 93' lang='lat' dir='ltr'>tiis</span> <span class='ocrx_word' id='word_1_172' title='bbox 1308 2078 1504 2135; x_wconf 88' lang='lat' dir='ltr'>teneamus:</span> <span class='ocrx_word' id='word_1_173' title='bbox 1539 2080 1658 2137; x_wconf 89' lang='lat' dir='ltr'>tamen</span> <span class='ocrx_word' id='word_1_174' title='bbox 1679 2091 1755 2136; x_wconf 91' lang='lat' dir='ltr'>eam</span> <span class='ocrx_word' id='word_1_175' title='bbox 1778 2067 1882 2137; x_wconf 90' lang='lat' dir='ltr'>multi</span> <span class='ocrx_word' id='word_1_176' title='bbox 1904 2081 1964 2137; x_wconf 90' lang='lat' dir='ltr'>aut</span> <span class='ocrx_word' id='word_1_177' title='bbox 1984 2068 2123 2149; x_wconf 91' lang='lat' dir='ltr'>stolidi,</span> <span class='ocrx_word' id='word_1_178' title='bbox 2157 2081 2219 2139; x_wconf 91' lang='lat' dir='ltr'>aut</span> 
     </span>
     <span class='ocr_line' id='line_1_18' title="bbox 190 2150 2219 2260; baseline -0.003 -14"><span class='ocrx_word' id='word_1_179' title='bbox 190 2150 292 2246; x_wconf 81' lang='lat' dir='ltr'>Cum</span> <span class='ocrx_word' id='word_1_180' title='bbox 309 2173 412 2243; x_wconf 90' lang='lat' dir='ltr'>initio</span> <span class='ocrx_word' id='word_1_181' title='bbox 432 2172 518 2241; x_wconf 90' lang='lat' dir='ltr'>belli</span> <span class='ocrx_word' id='word_1_182' title='bbox 533 2168 823 2260; x_wconf 89' lang='lat' dir='ltr'>Peloponnesiaci</span> <span class='ocrx_word' id='word_1_183' title='bbox 839 2165 991 2236; x_wconf 89' lang='lat' dir='ltr'>Pericles</span> <span class='ocrx_word' id='word_1_184' title='bbox 1012 2167 1182 2236; x_wconf 91' lang='lat' dir='ltr'>instructa</span> <span class='ocrx_word' id='word_1_185' title='bbox 1231 2166 1373 2257; x_wconf 90' lang='lat' dir='ltr'>superbi</span> <span class='ocrx_word' id='word_1_186' title='bbox 1396 2183 1631 2259; x_wconf 90' lang='lat' dir='ltr'>aspernantur</span> <span class='ocrx_word' id='word_1_187' title='bbox 1652 2183 1686 2239; x_wconf 89' lang='lat' dir='ltr'>et</span> <span class='ocrx_word' id='word_1_188' title='bbox 1705 2170 1778 2239; x_wconf 88' lang='lat' dir='ltr'>suis</span> <span class='ocrx_word' id='word_1_189' title='bbox 1795 2167 1962 2258; x_wconf 82' lang='lat' dir='ltr'>exemplis</span> <span class='ocrx_word' id='word_1_190' title='bbox 1984 2171 2029 2239; x_wconf 92' lang='lat' dir='ltr'>ab</span> <span class='ocrx_word' id='word_1_191' title='bbox 2049 2169 2111 2239; x_wconf 93' lang='lat' dir='ltr'>illa</span> <span class='ocrx_word' id='word_1_192' title='bbox 2136 2193 2219 2239; x_wconf 88' lang='lat' dir='ltr'>eru-</span> 
     </span>
     <span class='ocr_line' id='line_1_19' title="bbox 191 2265 2221 2365; baseline -0.002 -20"><span class='ocrx_word' id='word_1_193' title='bbox 191 2276 330 2365; x_wconf 88' lang='lat' dir='ltr'>ingcnti</span> <span class='ocrx_word' id='word_1_194' title='bbox 346 2276 453 2344; x_wconf 91' lang='lat' dir='ltr'>classe</span> <span class='ocrx_word' id='word_1_195' title='bbox 468 2298 488 2342; x_wconf 94' lang='lat' dir='ltr'>a</span> <span class='ocrx_word' id='word_1_196' title='bbox 504 2271 624 2341; x_wconf 88' lang='lat' dir='ltr'>littore</span> <span class='ocrx_word' id='word_1_197' title='bbox 639 2272 819 2340; x_wconf 91' lang='lat' dir='ltr'>soluturus</span> <span class='ocrx_word' id='word_1_198' title='bbox 834 2283 941 2348; x_wconf 90' lang='lat' dir='ltr'>esset,</span> <span class='ocrx_word' id='word_1_199' title='bbox 964 2269 1002 2337; x_wconf 90' lang='lat' dir='ltr'>in</span> <span class='ocrx_word' id='word_1_200' title='bbox 1026 2269 1090 2339; x_wconf 90' lang='lat' dir='ltr'>illo</span> <span class='ocrx_word' id='word_1_201' title='bbox 1106 2269 1182 2356; x_wconf 91' lang='lat' dir='ltr'>ipso</span> <span class='ocrx_word' id='word_1_202' title='bbox 1230 2267 1401 2337; x_wconf 90' lang='lat' dir='ltr'>ditissima</span> <span class='ocrx_word' id='word_1_203' title='bbox 1416 2282 1514 2359; x_wconf 87' lang='lat' dir='ltr'>parte</span> <span class='ocrx_word' id='word_1_204' title='bbox 1528 2265 1773 2361; x_wconf 89' lang='lat' dir='ltr'>philosophiae</span> <span class='ocrx_word' id='word_1_205' title='bbox 1794 2270 2012 2340; x_wconf 88' lang='lat' dir='ltr'>iuventutem</span> <span class='ocrx_word' id='word_1_206' title='bbox 2028 2271 2221 2345; x_wconf 87' lang='lat' dir='ltr'>abducunt.</span> 
     </span>
     <span class='ocr_line' id='line_1_20' title="bbox 195 2364 2222 2461; baseline -0.002 -14"><span class='ocrx_word' id='word_1_207' title='bbox 195 2378 344 2448; x_wconf 88' lang='lat' dir='ltr'>articulo</span> <span class='ocrx_word' id='word_1_208' title='bbox 371 2375 505 2446; x_wconf 93' lang='lat' dir='ltr'>cumin</span> <span class='ocrx_word' id='word_1_209' title='bbox 526 2397 625 2443; x_wconf 90' lang='lat' dir='ltr'>suam</span> <span class='ocrx_word' id='word_1_210' title='bbox 641 2373 821 2440; x_wconf 84' lang='lat' dir='ltr'>triremem</span> <span class='ocrx_word' id='word_1_211' title='bbox 838 2370 1012 2455; x_wconf 90' lang='lat' dir='ltr'>ascendit,</span> <span class='ocrx_word' id='word_1_212' title='bbox 1036 2392 1184 2461; x_wconf 88' lang='lat' dir='ltr'>conspe·</span> <span class='ocrx_word' id='word_1_213' title='bbox 1231 2367 1300 2439; x_wconf 87' lang='lat' dir='ltr'>Sed</span> <span class='ocrx_word' id='word_1_214' title='bbox 1319 2364 1446 2437; x_wconf 92' lang='lat' dir='ltr'>horum</span> <span class='ocrx_word' id='word_1_215' title='bbox 1470 2370 1601 2440; x_wconf 90' lang='lat' dir='ltr'>iudicia</span> <span class='ocrx_word' id='word_1_216' title='bbox 1621 2373 1724 2441; x_wconf 90' lang='lat' dir='ltr'>etiam</span> <span class='ocrx_word' id='word_1_217' title='bbox 1741 2372 1872 2441; x_wconf 88' lang='lat' dir='ltr'>divinis</span> <span class='ocrx_word' id='word_1_218' title='bbox 1892 2364 2103 2442; x_wconf 89' lang='lat' dir='ltr'>testimoniis</span> <span class='ocrx_word' id='word_1_219' title='bbox 2125 2374 2222 2443; x_wconf 82' lang='lat' dir='ltr'>relu-</span> 
     </span>
     <span class='ocr_line' id='line_1_21' title="bbox 195 2467 2221 2565; baseline -0.004 -14"><span class='ocrx_word' id='word_1_220' title='bbox 195 2493 250 2551; x_wconf 88' lang='lat' dir='ltr'>cta</span> <span class='ocrx_word' id='word_1_221' title='bbox 275 2491 327 2549; x_wconf 92' lang='lat' dir='ltr'>est</span> <span class='ocrx_word' id='word_1_222' title='bbox 347 2492 443 2549; x_wconf 89' lang='lat' dir='ltr'>tanta</span> <span class='ocrx_word' id='word_1_223' title='bbox 466 2476 550 2546; x_wconf 90' lang='lat' dir='ltr'>solis</span> <span class='ocrx_word' id='word_1_224' title='bbox 568 2475 727 2565; x_wconf 85' lang='lat' dir='ltr'>eclipsis,</span> <span class='ocrx_word' id='word_1_225' title='bbox 752 2487 793 2542; x_wconf 97' lang='lat' dir='ltr'>ut</span> <span class='ocrx_word' id='word_1_226' title='bbox 811 2495 922 2563; x_wconf 87' lang='lat' dir='ltr'>paene</span> <span class='ocrx_word' id='word_1_227' title='bbox 938 2473 1102 2541; x_wconf 91' lang='lat' dir='ltr'>tenebrae</span> <span class='ocrx_word' id='word_1_228' title='bbox 1117 2494 1184 2538; x_wconf 94' lang='lat' dir='ltr'>no-</span> <span class='ocrx_word' id='word_1_229' title='bbox 1230 2482 1363 2543; x_wconf 87' lang='lat' dir='ltr'>tantur.</span> <span class='ocrx_word' id='word_1_230' title='bbox 1407 2469 1496 2540; x_wconf 89' lang='lat' dir='ltr'>Nam</span> <span class='ocrx_word' id='word_1_231' title='bbox 1512 2496 1592 2541; x_wconf 93' lang='lat' dir='ltr'>cum</span> <span class='ocrx_word' id='word_1_232' title='bbox 1608 2475 1776 2565; x_wconf 91' lang='lat' dir='ltr'>scriptum</span> <span class='ocrx_word' id='word_1_233' title='bbox 1796 2473 1856 2544; x_wconf 85' lang='lat' dir='ltr'>sit:</span> <span class='ocrx_word' id='word_1_234' title='bbox 1882 2467 1937 2541; x_wconf 86' lang='lat' dir='ltr'>Et</span> <span class='ocrx_word' id='word_1_235' title='bbox 1954 2481 2059 2543; x_wconf 84' lang='lat' dir='ltr'>erunt</span> <span class='ocrx_word' id='word_1_236' title='bbox 2075 2470 2221 2544; x_wconf 78' lang='lat' dir='ltr'>lumina</span> 
     </span>
     <span class='ocr_line' id='line_1_22' title="bbox 195 2568 2223 2669; baseline -0.003 -17"><span class='ocrx_word' id='word_1_237' title='bbox 195 2594 341 2652; x_wconf 90' lang='lat' dir='ltr'>cturnae</span> <span class='ocrx_word' id='word_1_238' title='bbox 365 2580 482 2649; x_wconf 89' lang='lat' dir='ltr'>medio</span> <span class='ocrx_word' id='word_1_239' title='bbox 506 2578 564 2646; x_wconf 92' lang='lat' dir='ltr'>die</span> <span class='ocrx_word' id='word_1_240' title='bbox 589 2576 775 2646; x_wconf 84' lang='lat' dir='ltr'>existerent</span> <span class='ocrx_word' id='word_1_241' title='bbox 804 2588 838 2643; x_wconf 92' lang='lat' dir='ltr'>et</span> <span class='ocrx_word' id='word_1_242' title='bbox 860 2574 979 2643; x_wconf 89' lang='lat' dir='ltr'>stellae</span> <span class='ocrx_word' id='word_1_243' title='bbox 1002 2573 1185 2663; x_wconf 89' lang='lat' dir='ltr'>conspice-</span> <span class='ocrx_word' id='word_1_244' title='bbox 1233 2569 1430 2664; x_wconf 78' lang='lat' dir='ltr'>insigna,</span> <span class='ocrx_word' id='word_1_245' title='bbox 1460 2580 1642 2669; x_wconf 83' lang='lat' dir='ltr'>tempora,</span> <span class='ocrx_word' id='word_1_246' title='bbox 1675 2568 1753 2644; x_wconf 78' lang='lat' dir='ltr'>dies</span> <span class='ocrx_word' id='word_1_247' title='bbox 1781 2583 1813 2643; x_wconf 84' lang='lat' dir='ltr'>et</span> <span class='ocrx_word' id='word_1_248' title='bbox 1834 2598 1975 2655; x_wconf 83' lang='lat' dir='ltr'>annos,</span> <span class='ocrx_word' id='word_1_249' title='bbox 2008 2577 2223 2668; x_wconf 89' lang='lat' dir='ltr'>praecipitur</span> 
     </span>
     <span class='ocr_line' id='line_1_23' title="bbox 192 2670 2223 2769; baseline -0.003 -15"><span class='ocrx_word' id='word_1_250' title='bbox 192 2697 329 2754; x_wconf 85' lang='lat' dir='ltr'>rentur.</span> <span class='ocrx_word' id='word_1_251' title='bbox 382 2680 543 2751; x_wconf 90' lang='lat' dir='ltr'>Territus</span> <span class='ocrx_word' id='word_1_252' title='bbox 564 2677 673 2767; x_wconf 91' lang='lat' dir='ltr'>igitur</span> <span class='ocrx_word' id='word_1_253' title='bbox 694 2690 863 2769; x_wconf 91' lang='lat' dir='ltr'>tanquam</span> <span class='ocrx_word' id='word_1_254' title='bbox 879 2674 1042 2765; x_wconf 85' lang='lat' dir='ltr'>prodigio</span> <span class='ocrx_word' id='word_1_255' title='bbox 1056 2675 1186 2764; x_wconf 91' lang='lat' dir='ltr'>guber·</span> <span class='ocrx_word' id='word_1_256' title='bbox 1232 2687 1325 2743; x_wconf 89' lang='lat' dir='ltr'>certe</span> <span class='ocrx_word' id='word_1_257' title='bbox 1336 2675 1487 2761; x_wconf 89' lang='lat' dir='ltr'>aspectio</span> <span class='ocrx_word' id='word_1_258' title='bbox 1506 2688 1540 2745; x_wconf 92' lang='lat' dir='ltr'>et</span> <span class='ocrx_word' id='word_1_259' title='bbox 1554 2689 1714 2746; x_wconf 90' lang='lat' dir='ltr'>motuum</span> <span class='ocrx_word' id='word_1_260' title='bbox 1732 2677 1941 2750; x_wconf 85' lang='lat' dir='ltr'>observatio.</span> <span class='ocrx_word' id='word_1_261' title='bbox 1990 2670 2131 2749; x_wconf 88' lang='lat' dir='ltr'>Omitto</span> <span class='ocrx_word' id='word_1_262' title='bbox 2146 2701 2223 2748; x_wconf 86' lang='lat' dir='ltr'>cae·</span> 
     </span>
     <span class='ocr_line' id='line_1_24' title="bbox 193 2775 2224 2875; baseline -0.005 -20"><span class='ocrx_word' id='word_1_263' title='bbox 193 2798 320 2870; x_wconf 89' lang='lat' dir='ltr'>nator,</span> <span class='ocrx_word' id='word_1_264' title='bbox 345 2797 387 2853; x_wconf 92' lang='lat' dir='ltr'>ut</span> <span class='ocrx_word' id='word_1_265' title='bbox 407 2783 545 2875; x_wconf 89' lang='lat' dir='ltr'>reliqua</span> <span class='ocrx_word' id='word_1_266' title='bbox 567 2780 778 2862; x_wconf 90' lang='lat' dir='ltr'>multitudo,</span> <span class='ocrx_word' id='word_1_267' title='bbox 811 2777 977 2867; x_wconf 86' lang='lat' dir='ltr'>navigare</span> <span class='ocrx_word' id='word_1_268' title='bbox 1001 2775 1186 2848; x_wconf 83' lang='lat' dir='ltr'>recusavit.</span> <span class='ocrx_word' id='word_1_269' title='bbox 1233 2788 1329 2859; x_wconf 87' lang='lat' dir='ltr'>tera,</span> <span class='ocrx_word' id='word_1_270' title='bbox 1364 2776 1409 2842; x_wconf 92' lang='lat' dir='ltr'>de</span> <span class='ocrx_word' id='word_1_271' title='bbox 1431 2777 1534 2844; x_wconf 89' lang='lat' dir='ltr'>annis</span> <span class='ocrx_word' id='word_1_272' title='bbox 1560 2777 1693 2862; x_wconf 90' lang='lat' dir='ltr'>dicam,</span> <span class='ocrx_word' id='word_1_273' title='bbox 1726 2801 1879 2871; x_wconf 91' lang='lat' dir='ltr'>quorum</span> <span class='ocrx_word' id='word_1_274' title='bbox 1908 2776 2081 2847; x_wconf 89' lang='lat' dir='ltr'>rationem</span> <span class='ocrx_word' id='word_1_275' title='bbox 2111 2779 2224 2853; x_wconf 81' lang='lat' dir='ltr'>teneti</span> 
     </span>
     <span class='ocr_line' id='line_1_25' title="bbox 192 2876 2225 2968; baseline -0.005 -9"><span class='ocrx_word' id='word_1_276' title='bbox 192 2885 265 2958; x_wconf 86' lang='lat' dir='ltr'>llic</span> <span class='ocrx_word' id='word_1_277' title='bbox 280 2885 432 2957; x_wconf 91' lang='lat' dir='ltr'>Pericles</span> <span class='ocrx_word' id='word_1_278' title='bbox 453 2908 514 2953; x_wconf 89' lang='lat' dir='ltr'>seu</span> <span class='ocrx_word' id='word_1_279' title='bbox 532 2905 612 2950; x_wconf 91' lang='lat' dir='ltr'>vere</span> <span class='ocrx_word' id='word_1_280' title='bbox 630 2893 859 2951; x_wconf 90' lang='lat' dir='ltr'>contemnens</span> <span class='ocrx_word' id='word_1_281' title='bbox 872 2891 1048 2947; x_wconf 90' lang='lat' dir='ltr'>astrorum</span> <span class='ocrx_word' id='word_1_282' title='bbox 1061 2877 1188 2961; x_wconf 89' lang='lat' dir='ltr'>minas,</span> <span class='ocrx_word' id='word_1_283' title='bbox 1233 2877 1319 2946; x_wconf 90' lang='lat' dir='ltr'>deus</span> <span class='ocrx_word' id='word_1_284' title='bbox 1336 2876 1468 2963; x_wconf 88' lang='lat' dir='ltr'>voluit,</span> <span class='ocrx_word' id='word_1_285' title='bbox 1491 2902 1537 2946; x_wconf 93' lang='lat' dir='ltr'>ne</span> <span class='ocrx_word' id='word_1_286' title='bbox 1550 2894 1645 2950; x_wconf 90' lang='lat' dir='ltr'>retro</span> <span class='ocrx_word' id='word_1_287' title='bbox 1662 2881 1855 2968; x_wconf 87' lang='lat' dir='ltr'>cogitantes</span> <span class='ocrx_word' id='word_1_288' title='bbox 1871 2879 1972 2949; x_wconf 89' lang='lat' dir='ltr'>nulla</span> <span class='ocrx_word' id='word_1_289' title='bbox 1989 2902 2108 2949; x_wconf 92' lang='lat' dir='ltr'>rerum</span> <span class='ocrx_word' id='word_1_290' title='bbox 2122 2878 2225 2950; x_wconf 88' lang='lat' dir='ltr'>initia</span> 
     </span>
     <span class='ocr_line' id='line_1_26' title="bbox 196 2977 2226 3074; baseline -0.004 -15"><span class='ocrx_word' id='word_1_291' title='bbox 196 3012 260 3059; x_wconf 89' lang='lat' dir='ltr'>seu</span> <span class='ocrx_word' id='word_1_292' title='bbox 285 2989 457 3058; x_wconf 91' lang='lat' dir='ltr'>simulans</span> <span class='ocrx_word' id='word_1_293' title='bbox 478 2984 731 3067; x_wconf 89' lang='lat' dir='ltr'>constantiam,</span> <span class='ocrx_word' id='word_1_294' title='bbox 762 3004 808 3049; x_wconf 90' lang='lat' dir='ltr'>ne</span> <span class='ocrx_word' id='word_1_295' title='bbox 830 2980 1087 3069; x_wconf 87' lang='lat' dir='ltr'>languefaceret</span> <span class='ocrx_word' id='word_1_296' title='bbox 1107 2977 1187 3047; x_wconf 91' lang='lat' dir='ltr'>ani·</span> <span class='ocrx_word' id='word_1_297' title='bbox 1235 2977 1449 3047; x_wconf 88' lang='lat' dir='ltr'>constituere</span> <span class='ocrx_word' id='word_1_298' title='bbox 1470 3002 1661 3070; x_wconf 88' lang='lat' dir='ltr'>possemus.</span> <span class='ocrx_word' id='word_1_299' title='bbox 1712 2979 1839 3052; x_wconf 88' lang='lat' dir='ltr'>Voluit</span> <span class='ocrx_word' id='word_1_300' title='bbox 1860 2981 1960 3061; x_wconf 89' lang='lat' dir='ltr'>sciri,</span> <span class='ocrx_word' id='word_1_301' title='bbox 1986 3005 2076 3074; x_wconf 91' lang='lat' dir='ltr'>quae</span> <span class='ocrx_word' id='word_1_302' title='bbox 2092 2981 2226 3051; x_wconf 91' lang='lat' dir='ltr'>doctri-</span> 
     </span>
     <span class='ocr_line' id='line_1_27' title="bbox 196 3079 2226 3179; baseline -0.003 -18"><span class='ocrx_word' id='word_1_303' title='bbox 196 3113 274 3161; x_wconf 90' lang='lat' dir='ltr'>mos</span> <span class='ocrx_word' id='word_1_304' title='bbox 290 3090 464 3173; x_wconf 90' lang='lat' dir='ltr'>militum,</span> <span class='ocrx_word' id='word_1_305' title='bbox 481 3086 591 3179; x_wconf 91' lang='lat' dir='ltr'>pallio</span> <span class='ocrx_word' id='word_1_306' title='bbox 609 3107 672 3154; x_wconf 92' lang='lat' dir='ltr'>suo</span> <span class='ocrx_word' id='word_1_307' title='bbox 688 3083 774 3154; x_wconf 84' lang='lat' dir='ltr'>texit</span> <span class='ocrx_word' id='word_1_308' title='bbox 788 3082 1033 3171; x_wconf 88' lang='lat' dir='ltr'>gubernatoris</span> <span class='ocrx_word' id='word_1_309' title='bbox 1049 3081 1186 3164; x_wconf 84' lang='lat' dir='ltr'>oculos3</span> <span class='ocrx_word' id='word_1_310' title='bbox 1234 3103 1280 3148; x_wconf 91' lang='lat' dir='ltr'>na</span> <span class='ocrx_word' id='word_1_311' title='bbox 1297 3079 1453 3171; x_wconf 89' lang='lat' dir='ltr'>primum</span> <span class='ocrx_word' id='word_1_312' title='bbox 1469 3082 1620 3151; x_wconf 88' lang='lat' dir='ltr'>revelata</span> <span class='ocrx_word' id='word_1_313' title='bbox 1642 3083 1705 3165; x_wconf 90' lang='lat' dir='ltr'>sit,</span> <span class='ocrx_word' id='word_1_314' title='bbox 1732 3106 1802 3175; x_wconf 93' lang='lat' dir='ltr'>quo</span> <span class='ocrx_word' id='word_1_315' title='bbox 1826 3082 1953 3151; x_wconf 89' lang='lat' dir='ltr'>ordine</span> <span class='ocrx_word' id='word_1_316' title='bbox 1973 3081 2226 3173; x_wconf 77' lang='lat' dir='ltr'>promissiones</span> 
     </span>
     <span class='ocr_line' id='line_1_28' title="bbox 197 3182 2226 3285; baseline -0.005 -21"><span class='ocrx_word' id='word_1_317' title='bbox 197 3217 238 3264; x_wconf 88' lang='lat' dir='ltr'>ac</span> <span class='ocrx_word' id='word_1_318' title='bbox 255 3194 360 3285; x_wconf 87' lang='lat' dir='ltr'>paulo</span> <span class='ocrx_word' id='word_1_319' title='bbox 378 3203 460 3284; x_wconf 93' lang='lat' dir='ltr'>post</span> <span class='ocrx_word' id='word_1_320' title='bbox 477 3201 611 3258; x_wconf 90' lang='lat' dir='ltr'>remoto</span> <span class='ocrx_word' id='word_1_321' title='bbox 628 3185 753 3279; x_wconf 88' lang='lat' dir='ltr'>pallio,</span> <span class='ocrx_word' id='word_1_322' title='bbox 779 3185 990 3273; x_wconf 88' lang='lat' dir='ltr'>interrogat,</span> <span class='ocrx_word' id='word_1_323' title='bbox 1015 3208 1103 3253; x_wconf 88' lang='lat' dir='ltr'>num</span> <span class='ocrx_word' id='word_1_324' title='bbox 1119 3206 1188 3273; x_wconf 90' lang='lat' dir='ltr'>pu·</span> <span class='ocrx_word' id='word_1_325' title='bbox 1235 3193 1445 3273; x_wconf 88' lang='lat' dir='ltr'>propagatae</span> <span class='ocrx_word' id='word_1_326' title='bbox 1472 3182 1560 3269; x_wconf 85' lang='lat' dir='ltr'>sint3</span> <span class='ocrx_word' id='word_1_327' title='bbox 1595 3182 1708 3252; x_wconf 84' lang='lat' dir='ltr'>voluit</span> <span class='ocrx_word' id='word_1_328' title='bbox 1735 3183 1817 3252; x_wconf 90' lang='lat' dir='ltr'>sciri</span> <span class='ocrx_word' id='word_1_329' title='bbox 1846 3196 2002 3274; x_wconf 85' lang='lat' dir='ltr'>tempus,</span> <span class='ocrx_word' id='word_1_330' title='bbox 2032 3208 2111 3278; x_wconf 92' lang='lat' dir='ltr'>quo-</span> <span class='ocrx_word' id='word_1_331' title='bbox 2131 3183 2226 3256; x_wconf 88' lang='lat' dir='ltr'>lilius</span> 
     </span>
     <span class='ocr_line' id='line_1_29' title="bbox 197 3281 2227 3387; baseline -0.005 -21"><span class='ocrx_word' id='word_1_332' title='bbox 197 3309 249 3367; x_wconf 88' lang='lat' dir='ltr'>tet</span> <span class='ocrx_word' id='word_1_333' title='bbox 270 3294 405 3387; x_wconf 92' lang='lat' dir='ltr'>aliquid</span> <span class='ocrx_word' id='word_1_334' title='bbox 430 3288 614 3383; x_wconf 91' lang='lat' dir='ltr'>portendi,</span> <span class='ocrx_word' id='word_1_335' title='bbox 651 3288 745 3381; x_wconf 91' lang='lat' dir='ltr'>quod</span> <span class='ocrx_word' id='word_1_336' title='bbox 768 3285 863 3356; x_wconf 94' lang='lat' dir='ltr'>oculi</span> <span class='ocrx_word' id='word_1_337' title='bbox 886 3287 1010 3376; x_wconf 86' lang='lat' dir='ltr'>exiguo</span> <span class='ocrx_word' id='word_1_338' title='bbox 1031 3299 1188 3374; x_wconf 90' lang='lat' dir='ltr'>tempore</span> <span class='ocrx_word' id='word_1_339' title='bbox 1238 3281 1411 3352; x_wconf 88' lang='lat' dir='ltr'>mediator</span> <span class='ocrx_word' id='word_1_340' title='bbox 1427 3282 1552 3354; x_wconf 90' lang='lat' dir='ltr'>missus</span> <span class='ocrx_word' id='word_1_341' title='bbox 1568 3297 1637 3369; x_wconf 87' lang='lat' dir='ltr'>est,</span> <span class='ocrx_word' id='word_1_342' title='bbox 1658 3284 1811 3377; x_wconf 89' lang='lat' dir='ltr'>denique</span> <span class='ocrx_word' id='word_1_343' title='bbox 1826 3285 2052 3355; x_wconf 88' lang='lat' dir='ltr'>manifestum</span> <span class='ocrx_word' id='word_1_344' title='bbox 2064 3286 2227 3356; x_wconf 89' lang='lat' dir='ltr'>omnium</span> 
     </span>
     <span class='ocr_line' id='line_1_30' title="bbox 198 3380 2224 3478; baseline -0.006 -9"><span class='ocrx_word' id='word_1_345' title='bbox 198 3398 281 3469; x_wconf 91' lang='lat' dir='ltr'>tecti</span> <span class='ocrx_word' id='word_1_346' title='bbox 296 3395 448 3478; x_wconf 86' lang='lat' dir='ltr'>fuerint,</span> <span class='ocrx_word' id='word_1_347' title='bbox 474 3416 538 3461; x_wconf 89' lang='lat' dir='ltr'>nec</span> <span class='ocrx_word' id='word_1_348' title='bbox 552 3405 670 3460; x_wconf 91' lang='lat' dir='ltr'>tamen</span> <span class='ocrx_word' id='word_1_349' title='bbox 688 3387 774 3457; x_wconf 91' lang='lat' dir='ltr'>laesi</span> <span class='ocrx_word' id='word_1_350' title='bbox 790 3382 885 3457; x_wconf 86' lang='lat' dir='ltr'>sint?</span> <span class='ocrx_word' id='word_1_351' title='bbox 932 3385 1025 3457; x_wconf 86' lang='lat' dir='ltr'>Cum</span> <span class='ocrx_word' id='word_1_352' title='bbox 1040 3409 1188 3477; x_wconf 90' lang='lat' dir='ltr'>respon·</span> <span class='ocrx_word' id='word_1_353' title='bbox 1236 3380 1466 3453; x_wconf 90' lang='lat' dir='ltr'>historiarum</span> <span class='ocrx_word' id='word_1_354' title='bbox 1484 3386 1524 3454; x_wconf 92' lang='lat' dir='ltr'>in</span> <span class='ocrx_word' id='word_1_355' title='bbox 1547 3387 1617 3456; x_wconf 89' lang='lat' dir='ltr'>vita</span> <span class='ocrx_word' id='word_1_356' title='bbox 1636 3387 1757 3454; x_wconf 93' lang='lat' dir='ltr'>lumen</span> <span class='ocrx_word' id='word_1_357' title='bbox 1781 3409 1853 3455; x_wconf 90' lang='lat' dir='ltr'>esse</span> <span class='ocrx_word' id='word_1_358' title='bbox 1870 3399 2070 3478; x_wconf 87' lang='lat' dir='ltr'>temporum</span> <span class='ocrx_word' id='word_1_359' title='bbox 2086 3388 2224 3457; x_wconf 83' lang='lat' dir='ltr'>seriem.</span> 
     </span>
     <span class='ocr_line' id='line_1_31' title="bbox 198 3481 2316 3589; baseline -0.006 -19"><span class='ocrx_word' id='word_1_360' title='bbox 198 3499 306 3570; x_wconf 89' lang='lat' dir='ltr'>disset</span> <span class='ocrx_word' id='word_1_361' title='bbox 321 3498 537 3589; x_wconf 90' lang='lat' dir='ltr'>gubernator</span> <span class='ocrx_word' id='word_1_362' title='bbox 550 3495 593 3561; x_wconf 90' lang='lat' dir='ltr'>de</span> <span class='ocrx_word' id='word_1_363' title='bbox 607 3490 736 3584; x_wconf 87' lang='lat' dir='ltr'>pallio,</span> <span class='ocrx_word' id='word_1_364' title='bbox 759 3483 853 3557; x_wconf 90' lang='lat' dir='ltr'>nihil</span> <span class='ocrx_word' id='word_1_365' title='bbox 876 3489 958 3557; x_wconf 89' lang='lat' dir='ltr'>mali</span> <span class='ocrx_word' id='word_1_366' title='bbox 974 3511 1065 3572; x_wconf 89' lang='lat' dir='ltr'>esse,</span> <span class='ocrx_word' id='word_1_367' title='bbox 1092 3487 1186 3581; x_wconf 90' lang='lat' dir='ltr'>quod</span> <span class='ocrx_word' id='word_1_368' title='bbox 1237 3484 1332 3554; x_wconf 89' lang='lat' dir='ltr'>Haec</span> <span class='ocrx_word' id='word_1_369' title='bbox 1351 3486 1381 3554; x_wconf 88' lang='lat' dir='ltr'>si</span> <span class='ocrx_word' id='word_1_370' title='bbox 1394 3481 1540 3575; x_wconf 82' lang='lat' dir='ltr'>magna,</span> <span class='ocrx_word' id='word_1_371' title='bbox 1566 3501 1600 3558; x_wconf 91' lang='lat' dir='ltr'>et</span> <span class='ocrx_word' id='word_1_372' title='bbox 1615 3488 1721 3578; x_wconf 91' lang='lat' dir='ltr'>digua</span> <span class='ocrx_word' id='word_1_373' title='bbox 1739 3489 2020 3558; x_wconf 89' lang='lat' dir='ltr'>consideratione</span> <span class='ocrx_word' id='word_1_374' title='bbox 2039 3483 2227 3559; x_wconf 89' lang='lat' dir='ltr'>hominum</span> <span class='ocrx_word' id='word_1_375' title='bbox 2300 3576 2316 3588; x_wconf 79' lang='lat'>..</span> 
     </span>
     <span class='ocr_line' id='line_1_32' title="bbox 199 3587 2227 3694; baseline -0.005 -21"><span class='ocrx_word' id='word_1_376' title='bbox 199 3602 350 3694; x_wconf 91' lang='lat' dir='ltr'>pallium</span> <span class='ocrx_word' id='word_1_377' title='bbox 374 3597 552 3689; x_wconf 86' lang='lat' dir='ltr'>paulisper</span> <span class='ocrx_word' id='word_1_378' title='bbox 573 3595 754 3663; x_wconf 92' lang='lat' dir='ltr'>admotum</span> <span class='ocrx_word' id='word_1_379' title='bbox 771 3605 860 3660; x_wconf 90' lang='lat' dir='ltr'>esset</span> <span class='ocrx_word' id='word_1_380' title='bbox 874 3591 1005 3670; x_wconf 90' lang='lat' dir='ltr'>oculis,</span> <span class='ocrx_word' id='word_1_381' title='bbox 1032 3590 1100 3673; x_wconf 88' lang='lat' dir='ltr'>ita,</span> <span class='ocrx_word' id='word_1_382' title='bbox 1131 3589 1190 3656; x_wconf 90' lang='lat' dir='ltr'>in·</span> <span class='ocrx_word' id='word_1_383' title='bbox 1237 3587 1417 3671; x_wconf 84' lang='lat' dir='ltr'>ducimus,</span> <span class='ocrx_word' id='word_1_384' title='bbox 1457 3610 1681 3682; x_wconf 88' lang='lat' dir='ltr'>nequaquam</span> <span class='ocrx_word' id='word_1_385' title='bbox 1715 3591 1935 3681; x_wconf 85' lang='lat' dir='ltr'>aspernanda</span> <span class='ocrx_word' id='word_1_386' title='bbox 1968 3589 2035 3661; x_wconf 86' lang='lat' dir='ltr'>erit</span> <span class='ocrx_word' id='word_1_387' title='bbox 2065 3605 2227 3667; x_wconf 85' lang='lat' dir='ltr'>motuum</span> 
     </span>
     <span class='ocr_line' id='line_1_33' title="bbox 201 3688 1409 3796; baseline -0.012 -25"><span class='ocrx_word' id='word_1_388' title='bbox 201 3703 283 3796; x_wconf 87' lang='lat' dir='ltr'>quit</span> <span class='ocrx_word' id='word_1_389' title='bbox 295 3700 467 3783; x_wconf 90' lang='lat' dir='ltr'>Pericles,</span> <span class='ocrx_word' id='word_1_390' title='bbox 491 3721 557 3765; x_wconf 90' lang='lat' dir='ltr'>nec</span> <span class='ocrx_word' id='word_1_391' title='bbox 580 3695 647 3770; x_wconf 88' lang='lat' dir='ltr'>soli</span> <span class='ocrx_word' id='word_1_392' title='bbox 672 3706 732 3762; x_wconf 90' lang='lat' dir='ltr'>aut</span> <span class='ocrx_word' id='word_1_393' title='bbox 751 3705 899 3761; x_wconf 89' lang='lat' dir='ltr'>naturae</span> <span class='ocrx_word' id='word_1_394' title='bbox 919 3715 1037 3762; x_wconf 87' lang='lat' dir='ltr'>rerum</span> <span class='ocrx_word' id='word_1_395' title='bbox 1053 3691 1187 3783; x_wconf 91' lang='lat' dir='ltr'>aliquid</span> <span class='ocrx_word' id='word_1_396' title='bbox 1237 3688 1409 3758; x_wconf 88' lang='lat' dir='ltr'>doctrina.</span> 
     </span>
     <span class='ocr_line' id='line_1_34' title="bbox 201 3788 2230 3889; baseline -0.005 -16"><span class='ocrx_word' id='word_1_397' title='bbox 201 3802 289 3874; x_wconf 89' lang='lat' dir='ltr'>mali</span> <span class='ocrx_word' id='word_1_398' title='bbox 304 3801 487 3885; x_wconf 89' lang='lat' dir='ltr'>accidisse,</span> <span class='ocrx_word' id='word_1_399' title='bbox 513 3811 577 3868; x_wconf 91' lang='lat' dir='ltr'>ant</span> <span class='ocrx_word' id='word_1_400' title='bbox 593 3794 783 3885; x_wconf 87' lang='lat' dir='ltr'>significari</span> <span class='ocrx_word' id='word_1_401' title='bbox 799 3807 919 3883; x_wconf 89' lang='lat' dir='ltr'>putes,</span> <span class='ocrx_word' id='word_1_402' title='bbox 944 3788 1082 3864; x_wconf 88' lang='lat' dir='ltr'>etiamsi</span> <span class='ocrx_word' id='word_1_403' title='bbox 1103 3793 1190 3862; x_wconf 91' lang='lat' dir='ltr'>luna</span> <span class='ocrx_word' id='word_1_404' title='bbox 1339 3789 1556 3884; x_wconf 87' lang='lat' dir='ltr'>Quanquam</span> <span class='ocrx_word' id='word_1_405' title='bbox 1582 3815 1645 3882; x_wconf 90' lang='lat' dir='ltr'>ego</span> <span class='ocrx_word' id='word_1_406' title='bbox 1667 3792 1810 3885; x_wconf 90' lang='lat' dir='ltr'>quidem</span> <span class='ocrx_word' id='word_1_407' title='bbox 1835 3793 1955 3864; x_wconf 85' lang='lat' dir='ltr'>nullos</span> <span class='ocrx_word' id='word_1_408' title='bbox 1980 3802 2138 3889; x_wconf 83' lang='lat' dir='ltr'>unquam</span> <span class='ocrx_word' id='word_1_409' title='bbox 2157 3789 2230 3888; x_wconf 89' lang='lat' dir='ltr'>cy-</span> 
     </span>
     <span class='ocr_line' id='line_1_35' title="bbox 200 3889 2228 3992; baseline -0.009 -15"><span class='ocrx_word' id='word_1_410' title='bbox 200 3908 241 3977; x_wconf 92' lang='lat' dir='ltr'>iu</span> <span class='ocrx_word' id='word_1_411' title='bbox 259 3928 339 3975; x_wconf 89' lang='lat' dir='ltr'>eum</span> <span class='ocrx_word' id='word_1_412' title='bbox 357 3903 541 3974; x_wconf 90' lang='lat' dir='ltr'>incurrens</span> <span class='ocrx_word' id='word_1_413' title='bbox 554 3899 734 3992; x_wconf 89' lang='lat' dir='ltr'>paulisper</span> <span class='ocrx_word' id='word_1_414' title='bbox 746 3906 970 3986; x_wconf 91' lang='lat' dir='ltr'>conspectum</span> <span class='ocrx_word' id='word_1_415' title='bbox 988 3894 1063 3964; x_wconf 90' lang='lat' dir='ltr'>eius</span> <span class='ocrx_word' id='word_1_416' title='bbox 1074 3889 1192 3976; x_wconf 88' lang='lat' dir='ltr'>homi·</span> <span class='ocrx_word' id='word_1_417' title='bbox 1240 3892 1356 3982; x_wconf 91' lang='lat' dir='ltr'>clopes</span> <span class='ocrx_word' id='word_1_418' title='bbox 1389 3906 1461 3962; x_wconf 92' lang='lat' dir='ltr'>tam</span> <span class='ocrx_word' id='word_1_419' title='bbox 1487 3893 1579 3961; x_wconf 84' lang='lat' dir='ltr'>feros</span> <span class='ocrx_word' id='word_1_420' title='bbox 1606 3893 1714 3964; x_wconf 82' lang='lat' dir='ltr'>luisse</span> <span class='ocrx_word' id='word_1_421' title='bbox 1740 3910 1846 3986; x_wconf 91' lang='lat' dir='ltr'>puto,</span> <span class='ocrx_word' id='word_1_422' title='bbox 1878 3919 1993 3991; x_wconf 86' lang='lat' dir='ltr'>neque</span> <span class='ocrx_word' id='word_1_423' title='bbox 2021 3897 2132 3967; x_wconf 79' lang='lat' dir='ltr'>ullam</span> <span class='ocrx_word' id='word_1_424' title='bbox 2158 3908 2228 3965; x_wconf 89' lang='lat' dir='ltr'>tam</span> 
     </span>
     <span class='ocr_line' id='line_1_36' title="bbox 201 3989 2231 4087; baseline -0.007 -8"><span class='ocrx_word' id='word_1_425' title='bbox 201 4009 311 4079; x_wconf 89' lang='lat' dir='ltr'>nibus</span> <span class='ocrx_word' id='word_1_426' title='bbox 327 4005 529 4086; x_wconf 90' lang='lat' dir='ltr'>ademisset,</span> <span class='ocrx_word' id='word_1_427' title='bbox 554 4025 594 4070; x_wconf 91' lang='lat' dir='ltr'>ac</span> <span class='ocrx_word' id='word_1_428' title='bbox 611 4000 747 4069; x_wconf 89' lang='lat' dir='ltr'>solvere</span> <span class='ocrx_word' id='word_1_429' title='bbox 763 3998 861 4067; x_wconf 88' lang='lat' dir='ltr'>iubet</span> <span class='ocrx_word' id='word_1_430' title='bbox 876 4012 910 4066; x_wconf 90' lang='lat' dir='ltr'>et</span> <span class='ocrx_word' id='word_1_431' title='bbox 925 3997 1061 4067; x_wconf 90' lang='lat' dir='ltr'>bellum</span> <span class='ocrx_word' id='word_1_432' title='bbox 1078 3993 1192 4065; x_wconf 87' lang='lat' dir='ltr'>Grae-</span> <span class='ocrx_word' id='word_1_433' title='bbox 1241 3989 1423 4062; x_wconf 88' lang='lat' dir='ltr'>horridam</span> <span class='ocrx_word' id='word_1_434' title='bbox 1439 3993 1658 4080; x_wconf 90' lang='lat' dir='ltr'>barbariem,</span> <span class='ocrx_word' id='word_1_435' title='bbox 1682 4020 1772 4087; x_wconf 89' lang='lat' dir='ltr'>quae</span> <span class='ocrx_word' id='word_1_436' title='bbox 1787 4021 1861 4066; x_wconf 93' lang='lat' dir='ltr'>non</span> <span class='ocrx_word' id='word_1_437' title='bbox 1874 3991 2049 4068; x_wconf 83' lang='lat' dir='ltr'>mensium</span> <span class='ocrx_word' id='word_1_438' title='bbox 2066 4010 2100 4068; x_wconf 91' lang='lat' dir='ltr'>et</span> <span class='ocrx_word' id='word_1_439' title='bbox 2115 4020 2231 4066; x_wconf 90' lang='lat' dir='ltr'>anno·</span> 
     </span>
     <span class='ocr_line' id='line_1_37' title="bbox 202 4094 2230 4192; baseline -0.007 -10"><span class='ocrx_word' id='word_1_440' title='bbox 202 4112 278 4183; x_wconf 91' lang='lat' dir='ltr'>ciae</span> <span class='ocrx_word' id='word_1_441' title='bbox 298 4110 446 4192; x_wconf 79' lang='lat' dir='ltr'>inferre,</span> <span class='ocrx_word' id='word_1_442' title='bbox 478 4103 617 4174; x_wconf 80' lang='lat' dir='ltr'>exitiale</span> <span class='ocrx_word' id='word_1_443' title='bbox 641 4101 795 4192; x_wconf 90' lang='lat' dir='ltr'>primum</span> <span class='ocrx_word' id='word_1_444' title='bbox 819 4097 970 4191; x_wconf 90' lang='lat' dir='ltr'>patriae,</span> <span class='ocrx_word' id='word_1_445' title='bbox 1000 4097 1130 4168; x_wconf 90' lang='lat' dir='ltr'>deinde</span> <span class='ocrx_word' id='word_1_446' title='bbox 1159 4109 1194 4167; x_wconf 92' lang='lat' dir='ltr'>et</span> <span class='ocrx_word' id='word_1_447' title='bbox 1242 4119 1320 4164; x_wconf 91' lang='lat' dir='ltr'>rum</span> <span class='ocrx_word' id='word_1_448' title='bbox 1346 4094 1530 4164; x_wconf 87' lang='lat' dir='ltr'>intervalla</span> <span class='ocrx_word' id='word_1_449' title='bbox 1558 4109 1593 4164; x_wconf 92' lang='lat' dir='ltr'>et</span> <span class='ocrx_word' id='word_1_450' title='bbox 1614 4097 1724 4188; x_wconf 89' lang='lat' dir='ltr'>spatia</span> <span class='ocrx_word' id='word_1_451' title='bbox 1742 4098 1874 4170; x_wconf 88' lang='lat' dir='ltr'>notarit</span> <span class='ocrx_word' id='word_1_452' title='bbox 1892 4112 1926 4170; x_wconf 91' lang='lat' dir='ltr'>et</span> <span class='ocrx_word' id='word_1_453' title='bbox 1941 4099 2138 4192; x_wconf 90' lang='lat' dir='ltr'>posteritati</span> <span class='ocrx_word' id='word_1_454' title='bbox 2157 4111 2230 4167; x_wconf 90' lang='lat' dir='ltr'>tra-</span> 
     </span>
     <span class='ocr_line' id='line_1_38' title="bbox 202 4194 2231 4301; baseline -0.008 -15"><span class='ocrx_word' id='word_1_455' title='bbox 202 4215 389 4287; x_wconf 89' lang='lat' dir='ltr'>universae</span> <span class='ocrx_word' id='word_1_456' title='bbox 402 4208 560 4301; x_wconf 89' lang='lat' dir='ltr'>reliquae</span> <span class='ocrx_word' id='word_1_457' title='bbox 577 4202 757 4274; x_wconf 89' lang='lat' dir='ltr'>Graeciae.</span> <span class='ocrx_word' id='word_1_458' title='bbox 794 4195 937 4292; x_wconf 90' lang='lat' dir='ltr'>Opinor</span> <span class='ocrx_word' id='word_1_459' title='bbox 952 4216 1085 4283; x_wconf 88' lang='lat' dir='ltr'>autem,</span> <span class='ocrx_word' id='word_1_460' title='bbox 1102 4199 1195 4269; x_wconf 92' lang='lat' dir='ltr'>mul·</span> <span class='ocrx_word' id='word_1_461' title='bbox 1243 4197 1383 4268; x_wconf 88' lang='lat' dir='ltr'>diderit.</span> <span class='ocrx_word' id='word_1_462' title='bbox 1434 4194 1697 4289; x_wconf 89' lang='lat' dir='ltr'>Turpissimum</span> <span class='ocrx_word' id='word_1_463' title='bbox 1713 4212 1765 4269; x_wconf 90' lang='lat' dir='ltr'>est</span> <span class='ocrx_word' id='word_1_464' title='bbox 1779 4199 1888 4290; x_wconf 89' lang='lat' dir='ltr'>igitur</span> <span class='ocrx_word' id='word_1_465' title='bbox 1900 4202 1987 4272; x_wconf 89' lang='lat' dir='ltr'>viris</span> <span class='ocrx_word' id='word_1_466' title='bbox 2001 4201 2136 4285; x_wconf 90' lang='lat' dir='ltr'>doctis,</span> <span class='ocrx_word' id='word_1_467' title='bbox 2167 4199 2231 4294; x_wconf 90' lang='lat' dir='ltr'>qui</span> 
     </span>
     <span class='ocr_line' id='line_1_39' title="bbox 205 4298 2233 4404; baseline -0.008 -17"><span class='ocrx_word' id='word_1_468' title='bbox 205 4332 262 4388; x_wconf 91' lang='lat' dir='ltr'>tos</span> <span class='ocrx_word' id='word_1_469' title='bbox 283 4338 374 4397; x_wconf 90' lang='lat' dir='ltr'>esse,</span> <span class='ocrx_word' id='word_1_470' title='bbox 399 4310 461 4404; x_wconf 92' lang='lat' dir='ltr'>qui</span> <span class='ocrx_word' id='word_1_471' title='bbox 484 4309 631 4377; x_wconf 88' lang='lat' dir='ltr'>laudent</span> <span class='ocrx_word' id='word_1_472' title='bbox 653 4301 721 4373; x_wconf 94' lang='lat' dir='ltr'>hoc</span> <span class='ocrx_word' id='word_1_473' title='bbox 743 4302 915 4372; x_wconf 90' lang='lat' dir='ltr'>iudicium</span> <span class='ocrx_word' id='word_1_474' title='bbox 939 4299 1109 4384; x_wconf 89' lang='lat' dir='ltr'>Periclis,</span> <span class='ocrx_word' id='word_1_475' title='bbox 1134 4302 1193 4369; x_wconf 90' lang='lat' dir='ltr'>sed</span> <span class='ocrx_word' id='word_1_476' title='bbox 1243 4299 1287 4368; x_wconf 92' lang='lat' dir='ltr'>ad</span> <span class='ocrx_word' id='word_1_477' title='bbox 1306 4298 1541 4386; x_wconf 89' lang='lat' dir='ltr'>gubernacula</span> <span class='ocrx_word' id='word_1_478' title='bbox 1559 4299 1772 4391; x_wconf 90' lang='lat' dir='ltr'>reipublicae</span> <span class='ocrx_word' id='word_1_479' title='bbox 1788 4305 1931 4384; x_wconf 90' lang='lat' dir='ltr'>sedent,</span> <span class='ocrx_word' id='word_1_480' title='bbox 1953 4299 2017 4372; x_wconf 89' lang='lat' dir='ltr'>has</span> <span class='ocrx_word' id='word_1_481' title='bbox 2031 4317 2122 4373; x_wconf 87' lang='lat' dir='ltr'>artes</span> <span class='ocrx_word' id='word_1_482' title='bbox 2136 4302 2233 4373; x_wconf 87' lang='lat' dir='ltr'>vitu-</span> 
     </span>
     <span class='ocr_line' id='line_1_40' title="bbox 208 4398 2232 4502; baseline -0.007 -14"><span class='ocrx_word' id='word_1_483' title='bbox 208 4416 315 4488; x_wconf 91' lang='lat' dir='ltr'>nimis</span> <span class='ocrx_word' id='word_1_484' title='bbox 330 4416 445 4486; x_wconf 89' lang='lat' dir='ltr'>tristes</span> <span class='ocrx_word' id='word_1_485' title='bbox 467 4430 598 4502; x_wconf 89' lang='lat' dir='ltr'>poenas</span> <span class='ocrx_word' id='word_1_486' title='bbox 611 4406 775 4476; x_wconf 89' lang='lat' dir='ltr'>universa</span> <span class='ocrx_word' id='word_1_487' title='bbox 794 4401 944 4474; x_wconf 92' lang='lat' dir='ltr'>Graecia</span> <span class='ocrx_word' id='word_1_488' title='bbox 966 4398 1075 4472; x_wconf 91' lang='lat' dir='ltr'>huius</span> <span class='ocrx_word' id='word_1_489' title='bbox 1088 4404 1197 4470; x_wconf 92' lang='lat' dir='ltr'>auda-</span> <span class='ocrx_word' id='word_1_490' title='bbox 1245 4422 1385 4491; x_wconf 83' lang='lat' dir='ltr'>pecare,</span> <span class='ocrx_word' id='word_1_491' title='bbox 1417 4412 1451 4468; x_wconf 91' lang='lat' dir='ltr'>et</span> <span class='ocrx_word' id='word_1_492' title='bbox 1475 4400 1520 4468; x_wconf 89' lang='lat' dir='ltr'>ab</span> <span class='ocrx_word' id='word_1_493' title='bbox 1543 4424 1664 4470; x_wconf 80' lang='lat' dir='ltr'>carram</span> <span class='ocrx_word' id='word_1_494' title='bbox 1688 4402 1815 4473; x_wconf 89' lang='lat' dir='ltr'>studiis</span> <span class='ocrx_word' id='word_1_495' title='bbox 1838 4405 1932 4474; x_wconf 90' lang='lat' dir='ltr'>bona</span> <span class='ocrx_word' id='word_1_496' title='bbox 1955 4404 2098 4495; x_wconf 89' lang='lat' dir='ltr'>ingenia</span> <span class='ocrx_word' id='word_1_497' title='bbox 2117 4404 2232 4474; x_wconf 88' lang='lat' dir='ltr'>abdu-</span> 
     </span>
     <span class='ocr_line' id='line_1_41' title="bbox 204 4498 2232 4593; baseline -0.009 -1"><span class='ocrx_word' id='word_1_498' title='bbox 204 4519 335 4592; x_wconf 90' lang='lat' dir='ltr'>cissimi</span> <span class='ocrx_word' id='word_1_499' title='bbox 351 4513 475 4587; x_wconf 91' lang='lat' dir='ltr'>iudicii</span> <span class='ocrx_word' id='word_1_500' title='bbox 491 4509 601 4583; x_wconf 86' lang='lat' dir='ltr'>dedit.</span> <span class='ocrx_word' id='word_1_501' title='bbox 1245 4524 1336 4569; x_wconf 89' lang='lat' dir='ltr'>cere:</span> <span class='ocrx_word' id='word_1_502' title='bbox 1361 4524 1442 4568; x_wconf 91' lang='lat' dir='ltr'>cum</span> <span class='ocrx_word' id='word_1_503' title='bbox 1455 4502 1596 4593; x_wconf 88' lang='lat' dir='ltr'>quidem</span> <span class='ocrx_word' id='word_1_504' title='bbox 1613 4502 1686 4592; x_wconf 91' lang='lat' dir='ltr'>ipsa</span> <span class='ocrx_word' id='word_1_505' title='bbox 1701 4498 1798 4574; x_wconf 90' lang='lat' dir='ltr'>curia</span> <span class='ocrx_word' id='word_1_506' title='bbox 1812 4505 1852 4573; x_wconf 92' lang='lat' dir='ltr'>iu</span> <span class='ocrx_word' id='word_1_507' title='bbox 1867 4506 2100 4576; x_wconf 83' lang='lat' dir='ltr'>maximarum</span> <span class='ocrx_word' id='word_1_508' title='bbox 2112 4528 2232 4575; x_wconf 88' lang='lat' dir='ltr'>rerum</span> 
     </span>
     <span class='ocr_line' id='line_1_42' title="bbox 308 4601 2233 4725; baseline -0.004 -42"><span class='ocrx_word' id='word_1_509' title='bbox 308 4631 469 4725; x_wconf 62' lang='lat' dir='ltr'>Cumque</span> <span class='ocrx_word' id='word_1_510' title='bbox 493 4627 653 4698; x_wconf 66' lang='lat' dir='ltr'>omnium</span> <span class='ocrx_word' id='word_1_511' title='bbox 679 4622 880 4692; x_wconf 63' lang='lat' dir='ltr'>seculorum</span> <span class='ocrx_word' id='word_1_512' title='bbox 908 4621 1076 4713; x_wconf 60' lang='lat' dir='ltr'>exemplis</span> <span class='ocrx_word' id='word_1_513' title='bbox 1101 4644 1198 4689; x_wconf 69' lang='lat' dir='ltr'>com.</span> <span class='ocrx_word' id='word_1_514' title='bbox 1245 4601 1580 4683; x_wconf 87' lang='lat' dir='ltr'>deliberationibus,</span> <span class='ocrx_word' id='word_1_515' title='bbox 1623 4604 1764 4674; x_wconf 89' lang='lat' dir='ltr'>iudiciis</span> <span class='ocrx_word' id='word_1_516' title='bbox 1791 4618 1826 4675; x_wconf 91' lang='lat' dir='ltr'>et</span> <span class='ocrx_word' id='word_1_517' title='bbox 1845 4606 1967 4678; x_wconf 88' lang='lat' dir='ltr'>multis</span> <span class='ocrx_word' id='word_1_518' title='bbox 1993 4606 2063 4676; x_wconf 83' lang='lat' dir='ltr'>lori</span> <span class='ocrx_word' id='word_1_519' title='bbox 2083 4606 2233 4697; x_wconf 90' lang='lat' dir='ltr'>negotiis</span> 
     </span>
     <span class='ocr_line' id='line_1_43' title="bbox 206 4702 2234 4830; baseline -0.014 -23"><span class='ocrx_word' id='word_1_520' title='bbox 206 4749 347 4830; x_wconf 83' lang='lat' dir='ltr'>partum</span> <span class='ocrx_word' id='word_1_521' title='bbox 375 4734 436 4816; x_wconf 90' lang='lat' dir='ltr'>sit,</span> <span class='ocrx_word' id='word_1_522' title='bbox 460 4754 516 4800; x_wconf 87' lang='lat' dir='ltr'>res</span> <span class='ocrx_word' id='word_1_523' title='bbox 538 4729 654 4800; x_wconf 86' lang='lat' dir='ltr'>tristes</span> <span class='ocrx_word' id='word_1_524' title='bbox 679 4749 718 4794; x_wconf 91' lang='lat' dir='ltr'>ac</span> <span class='ocrx_word' id='word_1_525' title='bbox 741 4723 895 4814; x_wconf 88' lang='lat' dir='ltr'>insignes</span> <span class='ocrx_word' id='word_1_526' title='bbox 912 4722 1113 4806; x_wconf 90' lang='lat' dir='ltr'>civitatum,</span> <span class='ocrx_word' id='word_1_527' title='bbox 1137 4735 1198 4793; x_wconf 92' lang='lat' dir='ltr'>aut</span> <span class='ocrx_word' id='word_1_528' title='bbox 1245 4702 1405 4797; x_wconf 87' lang='lat' dir='ltr'>quotidie</span> <span class='ocrx_word' id='word_1_529' title='bbox 1420 4704 1463 4773; x_wconf 89' lang='lat' dir='ltr'>de</span> <span class='ocrx_word' id='word_1_530' title='bbox 1478 4704 1630 4774; x_wconf 88' lang='lat' dir='ltr'>utilitate</span> <span class='ocrx_word' id='word_1_531' title='bbox 1645 4706 1826 4777; x_wconf 90' lang='lat' dir='ltr'>doctrinae</span> <span class='ocrx_word' id='word_1_532' title='bbox 1847 4709 1892 4777; x_wconf 88' lang='lat' dir='ltr'>de</span> <span class='ocrx_word' id='word_1_533' title='bbox 1906 4708 2043 4780; x_wconf 90' lang='lat' dir='ltr'>ratione</span> <span class='ocrx_word' id='word_1_534' title='bbox 2057 4731 2234 4780; x_wconf 91' lang='lat' dir='ltr'>annorum</span> 
     </span>
    </p>
   </div>
   <div class='ocr_carea' id='block_1_7' title="bbox 207 4807 2238 5236">
    <p class='ocr_par' dir='ltr' id='par_1_12' title="bbox 207 4807 2114 4930">
     <span class='ocr_line' id='line_1_44' title="bbox 207 4807 2114 4930; baseline -0.025 -20"><span class='ocrx_word' id='word_1_535' title='bbox 207 4861 399 4930; x_wconf 87' lang='lat' dir='ltr'>regnorum</span> <span class='ocrx_word' id='word_1_536' title='bbox 416 4833 555 4911; x_wconf 92' lang='lat' dir='ltr'>ruinas,</span> <span class='ocrx_word' id='word_1_537' title='bbox 583 4827 682 4922; x_wconf 77' lang='lat' dir='ltr'>quasi</span> <span class='ocrx_word' id='word_1_538' title='bbox 697 4825 906 4895; x_wconf 89' lang='lat' dir='ltr'>denunciari</span> <span class='ocrx_word' id='word_1_539' title='bbox 926 4824 1103 4893; x_wconf 88' lang='lat' dir='ltr'>luminum</span> <span class='ocrx_word' id='word_1_540' title='bbox 1119 4846 1197 4894; x_wconf 90' lang='lat' dir='ltr'>coe·</span> <span class='ocrx_word' id='word_1_541' title='bbox 1246 4807 1444 4882; x_wconf 68' lang='grc' dir='ltr'>θᾶῐῦῡῐῐθὸῒ.</span> <span class='ocrx_word' id='word_1_542' title='bbox 1903 4911 1913 4930; x_wconf 88' lang='lat'><strong>.</strong></span> <span class='ocrx_word' id='word_1_543' title='bbox 2077 4911 2114 4929; x_wconf 88' lang='lat'>..</span> 
     </span>
    </p>

    <p class='ocr_par' dir='ltr' id='par_1_13' title="bbox 208 4902 2238 5236">
     <span class='ocr_line' id='line_1_45' title="bbox 208 4902 2237 5031; baseline -0.017 -20"><span class='ocrx_word' id='word_1_544' title='bbox 208 4941 351 5011; x_wconf 91' lang='lat' dir='ltr'>lestium</span> <span class='ocrx_word' id='word_1_545' title='bbox 366 4934 577 5017; x_wconf 85' lang='lat' dir='ltr'>defectibus,</span> <span class='ocrx_word' id='word_1_546' title='bbox 601 4952 662 4998; x_wconf 91' lang='lat' dir='ltr'>seu</span> <span class='ocrx_word' id='word_1_547' title='bbox 677 4926 937 4997; x_wconf 88' lang='lat' dir='ltr'>obscuratione:</span> <span class='ocrx_word' id='word_1_548' title='bbox 963 4925 1068 4994; x_wconf 88' lang='lat' dir='ltr'>ferrei</span> <span class='ocrx_word' id='word_1_549' title='bbox 1089 4924 1198 4995; x_wconf 90' lang='lat' dir='ltr'>animi</span> <span class='ocrx_word' id='word_1_550' title='bbox 1347 4902 1533 4977; x_wconf 63' lang='lat' dir='ltr'>Cieltfflm</span> <span class='ocrx_word' id='word_1_551' title='bbox 1548 4909 1660 5027; x_wconf 59' lang='lat' dir='ltr'>{³⁰1¹ssss</span> <span class='ocrx_word' id='word_1_552' title='bbox 1677 4923 1830 4996; x_wconf 73' lang='lat' dir='ltr'>mentes,</span> <span class='ocrx_word' id='word_1_553' title='bbox 1848 4924 1914 4981; x_wconf 82' lang='lat' dir='ltr'>etsi</span> <span class='ocrx_word' id='word_1_554' title='bbox 1928 4907 2020 5031; x_wconf 74' lang='lat' dir='ltr'>hanc</span> <span class='ocrx_word' id='word_1_555' title='bbox 2034 4912 2237 5030; x_wconf 82' lang='lat' dir='ltr'>utrlrtatem,</span> 
     </span>
     <span class='ocr_line' id='line_1_46' title="bbox 209 5009 2236 5132; baseline -0.018 -18"><span class='ocrx_word' id='word_1_556' title='bbox 209 5057 279 5127; x_wconf 90' lang='lat' dir='ltr'>est,</span> <span class='ocrx_word' id='word_1_557' title='bbox 314 5029 780 5130; x_wconf 75' lang='lat' dir='ltr'>significationes&#39;divinitus</span> <span class='ocrx_word' id='word_1_558' title='bbox 809 5028 847 5096; x_wconf 90' lang='lat' dir='ltr'>in</span> <span class='ocrx_word' id='word_1_559' title='bbox 871 5041 996 5097; x_wconf 91' lang='lat' dir='ltr'>natura</span> <span class='ocrx_word' id='word_1_560' title='bbox 1021 5027 1200 5098; x_wconf 91' lang='lat' dir='ltr'>ordinatas</span> <span class='ocrx_word' id='word_1_561' title='bbox 1248 5030 1337 5102; x_wconf 65' lang='lat' dir='ltr'>quat</span> <span class='ocrx_word' id='word_1_562' title='bbox 1360 5009 1474 5127; x_wconf 58' lang='lat' dir='ltr'>{nullo</span> <span class='ocrx_word' id='word_1_563' title='bbox 1496 5034 1610 5080; x_wconf 87' lang='lat' dir='ltr'>maror</span> <span class='ocrx_word' id='word_1_564' title='bbox 1630 5025 1697 5129; x_wconf 71' lang='lat' dir='ltr'>est,</span> <span class='ocrx_word' id='word_1_565' title='bbox 1724 5036 1829 5105; x_wconf 92' lang='lat' dir='ltr'>quarn</span> <span class='ocrx_word' id='word_1_566' title='bbox 1845 5027 1891 5132; x_wconf 35' lang='lat' dir='ltr'>&#39;ut</span> <span class='ocrx_word' id='word_1_567' title='bbox 1910 5013 2019 5083; x_wconf 80' lang='lat' dir='ltr'>ullius</span> <span class='ocrx_word' id='word_1_568' title='bbox 2035 5014 2236 5131; x_wconf 79' lang='lat' dir='ltr'>eloquentia</span> 
     </span>
     <span class='ocr_line' id='line_1_47' title="bbox 212 5110 2238 5236; baseline -0.02 -20"><span class='ocrx_word' id='word_1_569' title='bbox 212 5145 363 5236; x_wconf 90' lang='lat' dir='ltr'>superbe</span> <span class='ocrx_word' id='word_1_570' title='bbox 384 5140 872 5227; x_wconf 79' lang='lat' dir='ltr'>ridereatquecontemuere.</span> <span class='ocrx_word' id='word_1_571' title='bbox 921 5126 1068 5220; x_wconf 90' lang='lat' dir='ltr'>Semper</span> <span class='ocrx_word' id='word_1_572' title='bbox 1083 5140 1200 5199; x_wconf 90' lang='lat' dir='ltr'>autem</span> <span class='ocrx_word' id='word_1_573' title='bbox 1248 5133 1312 5202; x_wconf 75' lang='lat' dir='ltr'>Pr⁰</span> <span class='ocrx_word' id='word_1_574' title='bbox 1337 5111 1507 5198; x_wconf 73' lang='lat' dir='ltr'>d¹gn¹tate</span> <span class='ocrx_word' id='word_1_575' title='bbox 1529 5114 1731 5204; x_wconf 75' lang='lat' dir='ltr'>praedicare</span> <span class='ocrx_word' id='word_1_576' title='bbox 1761 5130 1890 5204; x_wconf 79' lang='lat' dir='ltr'>possit,</span> <span class='ocrx_word' id='word_1_577' title='bbox 1923 5138 1964 5183; x_wconf 89' lang='lat' dir='ltr'>cx</span> <span class='ocrx_word' id='word_1_578' title='bbox 1987 5110 2054 5185; x_wconf 88' lang='lat' dir='ltr'>hac</span> <span class='ocrx_word' id='word_1_579' title='bbox 2076 5117 2238 5185; x_wconf 73' lang='lat' dir='ltr'>doctrina</span> 
     </span>
    </p>
   </div>
   <div class='ocr_carea' id='block_1_8' title="bbox 213 5213 2238 5395">
    <p class='ocr_par' dir='ltr' id='par_1_14' title="bbox 213 5213 2238 5395">
     <span class='ocr_line' id='line_1_48' title="bbox 213 5213 2237 5323; baseline -0.003 -7"><span class='ocrx_word' id='word_1_580' title='bbox 213 5271 296 5317; x_wconf 92' lang='lat' dir='ltr'>cum</span> <span class='ocrx_word' id='word_1_581' title='bbox 321 5246 364 5312; x_wconf 90' lang='lat' dir='ltr'>de</span> <span class='ocrx_word' id='word_1_582' title='bbox 381 5238 526 5311; x_wconf 87' lang='lat' dir='ltr'>cacteris</span> <span class='ocrx_word' id='word_1_583' title='bbox 549 5234 701 5317; x_wconf 89' lang='lat' dir='ltr'>artibus,</span> <span class='ocrx_word' id='word_1_584' title='bbox 727 5254 816 5323; x_wconf 91' lang='lat' dir='ltr'>quae</span> <span class='ocrx_word' id='word_1_585' title='bbox 835 5230 948 5300; x_wconf 87' lang='lat' dir='ltr'>literis</span> <span class='ocrx_word' id='word_1_586' title='bbox 963 5231 1202 5315; x_wconf 84' lang='lat' dir='ltr'>continentur,</span> <span class='ocrx_word' id='word_1_587' title='bbox 1248 5224 1430 5302; x_wconf 61' lang='lat' dir='ltr'>⁸¹P⁸¹³¹¹²2</span> <span class='ocrx_word' id='word_1_588' title='bbox 1457 5224 1574 5281; x_wconf 55' lang='lat' dir='ltr'>limen</span> <span class='ocrx_word' id='word_1_589' title='bbox 1604 5213 1709 5282; x_wconf 58' lang='lat' dir='ltr'>‘Pam</span> <span class='ocrx_word' id='word_1_590' title='bbox 1734 5238 1775 5284; x_wconf 69' lang='lat'>²⁰</span> <span class='ocrx_word' id='word_1_591' title='bbox 1804 5216 2052 5285; x_wconf 62' lang='lat' dir='ltr'>cerliludfnem</span> <span class='ocrx_word' id='word_1_592' title='bbox 2076 5228 2237 5286; x_wconf 71' lang='lat'>¹¹¹⁰¹¹¹⁰¹¹¹</span> 
     </span>
     <span class='ocr_line' id='line_1_49' title="bbox 980 5312 2238 5395; baseline 0.006 -17"><span class='ocrx_word' id='word_1_593' title='bbox 980 5312 985 5330; x_wconf 77' lang='lat'>¹</span> <span class='ocrx_word' id='word_1_594' title='bbox 1249 5312 1494 5395; x_wconf 89' lang='lat' dir='ltr'>considerant,</span> <span class='ocrx_word' id='word_1_595' title='bbox 1518 5314 1619 5383; x_wconf 91' lang='lat' dir='ltr'>utin</span> <span class='ocrx_word' id='word_1_596' title='bbox 1641 5316 1820 5387; x_wconf 91' lang='lat' dir='ltr'>mentibus</span> <span class='ocrx_word' id='word_1_597' title='bbox 1841 5319 1914 5388; x_wconf 91' lang='lat' dir='ltr'>suis</span> <span class='ocrx_word' id='word_1_598' title='bbox 1925 5313 2017 5387; x_wconf 90' lang='lat' dir='ltr'>banc</span> <span class='ocrx_word' id='word_1_599' title='bbox 2028 5316 2238 5387; x_wconf 90' lang='lat' dir='ltr'>seutentiam</span> 
     </span>
    </p>
   </div>
   <div class='ocr_carea' id='block_1_9' title="bbox 248 5413 2242 5622">
    <p class='ocr_par' dir='ltr' id='par_1_15' title="bbox 248 5413 2242 5622">
     <span class='ocr_line' id='line_1_50' title="bbox 1251 5413 2238 5490; baseline 0.006 -10"><span class='ocrx_word' id='word_1_600' title='bbox 1251 5413 1475 5486; x_wconf 86' lang='lat' dir='ltr'>confirment:</span> <span class='ocrx_word' id='word_1_601' title='bbox 1510 5439 1605 5485; x_wconf 90' lang='lat' dir='ltr'>nunc</span> <span class='ocrx_word' id='word_1_602' title='bbox 1630 5418 1803 5489; x_wconf 89' lang='lat' dir='ltr'>mundum</span> <span class='ocrx_word' id='word_1_603' title='bbox 1828 5433 1863 5490; x_wconf 90' lang='lat' dir='ltr'>et</span> <span class='ocrx_word' id='word_1_604' title='bbox 1884 5415 1977 5489; x_wconf 92' lang='lat' dir='ltr'>banc</span> <span class='ocrx_word' id='word_1_605' title='bbox 1996 5432 2106 5490; x_wconf 91' lang='lat' dir='ltr'>totam</span> <span class='ocrx_word' id='word_1_606' title='bbox 2119 5441 2238 5489; x_wconf 88' lang='lat' dir='ltr'>rerum</span> 
     </span>
     <span class='ocr_line' id='line_1_51' title="bbox 248 5518 2242 5622; baseline -0.003 -28"><span class='ocrx_word' id='word_1_607' title='bbox 248 5553 279 5622; x_wconf 67' lang='lat' dir='ltr'>g)</span> <span class='ocrx_word' id='word_1_608' title='bbox 298 5550 358 5608; x_wconf 68' lang='grc' dir='ltr'>Αιῑ,</span> <span class='ocrx_word' id='word_1_609' title='bbox 377 5547 474 5604; x_wconf 66' lang='lat' dir='ltr'>mnni-</span> <span class='ocrx_word' id='word_1_610' title='bbox 488 5542 642 5615; x_wconf 60' lang='lat' dir='ltr'>‚accipent</span> <span class='ocrx_word' id='word_1_611' title='bbox 660 5561 732 5597; x_wconf 74' lang='lat' dir='ltr'>anno</span> <span class='ocrx_word' id='word_1_612' title='bbox 746 5539 823 5594; x_wconf 71' lang='lat'>1545.</span> <span class='ocrx_word' id='word_1_613' title='bbox 1251 5526 1414 5586; x_wconf 89' lang='lat' dir='ltr'>naturam</span> <span class='ocrx_word' id='word_1_614' title='bbox 1438 5539 1514 5586; x_wconf 92' lang='lat' dir='ltr'>non</span> <span class='ocrx_word' id='word_1_615' title='bbox 1537 5520 1618 5589; x_wconf 88' lang='lat' dir='ltr'>casu</span> <span class='ocrx_word' id='word_1_616' title='bbox 1639 5533 1753 5590; x_wconf 90' lang='lat' dir='ltr'>ortam</span> <span class='ocrx_word' id='word_1_617' title='bbox 1777 5543 1869 5609; x_wconf 88' lang='lat' dir='ltr'>esse,</span> <span class='ocrx_word' id='word_1_618' title='bbox 1895 5520 2089 5608; x_wconf 77' lang='lat' dir='ltr'>aut&#39;volvi,</span> <span class='ocrx_word' id='word_1_619' title='bbox 2114 5519 2174 5590; x_wconf 86' lang='lat' dir='ltr'>sed</span> <span class='ocrx_word' id='word_1_620' title='bbox 2197 5518 2242 5590; x_wconf 85' lang='lat' dir='ltr'>ab</span> 
     </span>
    </p>
   </div>
   <div class='ocr_carea' id='block_1_10' title="bbox 212 5645 1475 5730">
    <p class='ocr_par' dir='ltr' id='par_1_16' title="bbox 212 5645 1475 5730">
     <span class='ocr_line' id='line_1_52' title="bbox 212 5645 1475 5730; baseline -0.032 -1"><span class='ocrx_word' id='word_1_621' title='bbox 212 5663 393 5730; x_wconf 64' lang='lat' dir='ltr'>Martem.</span> <span class='ocrx_word' id='word_1_622' title='bbox 409 5658 514 5724; x_wconf 80' lang='lat' dir='ltr'>Orrr.</span> <span class='ocrx_word' id='word_1_623' title='bbox 540 5653 623 5717; x_wconf 73' lang='lat' dir='ltr'>Vos.</span> <span class='ocrx_word' id='word_1_624' title='bbox 637 5651 680 5716; x_wconf 85' lang='lat' dir='ltr'>V.</span> <span class='ocrx_word' id='word_1_625' title='bbox 1425 5645 1475 5725; x_wconf 67' lang='lat'>52</span> 
     </span>
    </p>
   </div>
   <div class='ocr_carea' id='block_1_11' title="bbox 214 5426 422 5444">
    <p class='ocr_par' dir='ltr' id='par_1_17' title="bbox 214 5426 422 5444">
     <span class='ocr_line' id='line_1_53' title="bbox 214 5426 422 5444; baseline -0.01 -2"><span class='ocrx_word' id='word_1_626' title='bbox 214 5426 422 5444; x_wconf 58' lang='grc' dir='ltr'><em>Μ</em></span> 
     </span>
    </p>
   </div>
   <div class='ocr_carea' id='block_1_12' title="bbox 0 0 2462 6420">
    <p class='ocr_par' dir='ltr' id='par_1_18' title="bbox 0 0 2462 6420">
     <span class='ocr_line' id='line_1_54' title="bbox 0 0 2462 6420; baseline 0 0"><span class='ocrx_word' id='word_1_627' title='bbox 0 0 2462 6420; x_wconf 95' lang='lat' dir='ltr'> </span> 
     </span>
    </p>
   </div>
  </div>
 </body>
</html>
