4868 6420
320 387 396 464 147
888 378 1328 462 EPISTOLARUM
1381 381 1492 460 LlB.
1524 378 1602 462 tx.
1643 381 1777 463 1648.
2279 384 2354 466 148

322 561 494 655 ptionem.
543 556 718 633 Fortassis
737 552 825 635 haec
841 581 900 630 res
913 556 1078 653 praebuit
1093 555 1315 629 occasionem
1358 550 1450 654 πρὸς
1464 549 1552 637 τοὺς
1567 551 1726 656 εὐγενεῖς
1734 553 1773 654 ιι)
1790 553 1830 630 lv
1843 547 1943 643 τάξει
1959 552 2215 656 ἄρχιερατικῴ.
2252 554 2353 632 Bene

186 725 192 736 ,
259 696 264 706 ’
322 665 380 733 vel
394 663 573 733 dicacibus
587 665 646 733 vel
658 661 853 736 malevolis.
901 657 1043 730 Vellem
1059 672 1152 731 certe
1172 654 1238 730 has
1257 657 1317 728 in·
1359 660 1449 735 vale.
1506 656 1667 731 Salutem
1698 673 1783 754 opto
1815 658 1947 731 illustri
1975 663 2099 732 comiti
2131 657 2353 755 Stolbergio‚

219 830 226 847 ,
325 765 437 859 eptias
455 764 579 851 vitari,
606 777 646 834 et
665 763 863 856 principem
880 760 932 832 'ab
952 762 1013 843 iis,
1045 784 1198 856 quorum
1220 760 1316 832 valet
1360 773 1395 831 et
1419 763 1455 836 d.
1476 752 1700 850 Richsvino,
1739 764 1835 839 dom.
1856 753 2014 849 Echtio,
2054 763 2145 834 et'd.
2165 751 2353 835 Cornelio.

323 866 515 938 auctoritas
527 863 725 941 admoneri.
759 861 930 936 Arbitror
944 862 1141 956 principem
1157 854 1316 933 deMa·
1359 862 1429 940 21.
1438 860 1533 938 lolii.

324 964 526 1040 similiani
536 967 733 1038 offensione
745 988 931 1060 nunquam
944 965 1095 1041 audisse.
1143 960 1192 1035 Et
1203 977 1316 1058 putat,
1875 959 2065 1058 Philippus
2079 959 2304 1040 Melanthon.

326 1069 493 1163 usurpari
506 1093 624 1162 posse,
647 1069 746 1162 quod
762 1068 818 1138 ius
832 1066 1016 1161 publicum
1029 1066 1205 1154 coneedit3
1232 1080 1316 1140 sunt
1706 1088 1710 1096 ’
1983 1124 1991 1131 .

327 1172 443 1253 enim,
467 1186 508 1243 ut
522 1171 609 1257 scis,
637 1163 920 1266 ἅκριβοδίκαιοι.
972 1167 1042 1240 Sed
1060 1182 1180 1239 nostra
1195 1164 1316 1261 philo-

326 1268 453 1366 sophia
482 1298 558 1343 non
573 1266 612 1369 l)
640 1272 834 1344 subtilitate
859 1269 1214 1356 Iurisconsultorum,
1254 1270 1317 1340 sed

325 1376 397 1446 alia
435 1378 588 1469 quadam
624 1370 835 1444 humaniore
867 1373 1006 1444 ratione
1042 1369 1129 1442 haec
1162 1371 1318 1452 metitur.

326 1473 513 1548 Caeterum
538 1478 635 1571 quod
655 1477 813 1568 lingunt,
853 1471 1070 1566 inscripsisse
1091 1471 1227 1544 Ducem
1251 1472 1317 1545 Sa-

326 1578 455 1649 xoniae
487 1576 735 1650 Romanomm
766 1575 1038 1669 Imperatorem,
1081 1569 1179 1646 haud
1210 1575 1318 1645 dubie
1577 1641 1581 1661 ,

327 1680 616 1751 commenticium
642 1693 712 1766 est,
748 1692 784 1752 et
805 1678 948 1768 coargui
968 1677 1071 1747 facile
1091 1676 1317 1747 mendacium
1514 1689 1602 1764 Epist
1617 1688 1664 1746 tit.
1678 1687 1729 1747 vt.
1745 1709 1773 1764 p.
1787 1691 1894 1766 stsqq.
1939 1683 1945 1692 '
2033 1692 2035 1696 “

255 1856 260 1875 ,
326 1794 459 1875 potest,
483 1783 567 1876 quia
582 1781 684 1852 aiunt
697 1782 738 1850 in
753 1779 864 1853 altero
880 1779 987 1850 latere
1003 1775 1173 1850 Carolum
1190 1775 1318 1849 inscri-
1520 1846 1527 1866 ‚
1573 1846 1581 1866 ,
1815 1846 1822 1863 ,
1869 1847 1875 1863 ⁸
2005 1847 2012 1865 ‚
2108 1782 2111 1786 ·

327 1896 428 1978 ptum
444 1906 528 1958 esse.
580 1882 651 1955 Sed
664 1878 730 1953 has
745 1903 857 1973 nugas
871 1881 1008 1955 omitto.
1414 1839 1639 1921 Clamslm
1655 1856 1687 1920 ‘l
1704 1845 1933 1919 D⁰⁶l¹⁸5¹m⁰
1953 1843 2000 1923 V
1995 1874 2030 1920 W
2031 1874 2071 1935 ⁰»
2098 1844 2309 1928 Iohanni

427 1983 581 2056 Librum
597 1977 788 2081 Alphonsi
808 1983 901 2065 vidi,
935 1995 969 2052 et
993 1981 1083 2074 legi,
1113 1977 1165 2052 mi
1187 1977 1319 2051 Hiero-
1747 1943 1975 2023 CMSWO

327 2109 447 2182 nyme.
506 2085 546 2158 Si
569 2087 631 2182 qui
654 2086 726 2156 illis
746 2079 996 2182 Sycophantiis
1018 2098 1054 2155 et
1076 2083 1319 2156 deliramentis
1361 2062 1408 2156 S.
1430 2081 1477 2161 D.
1527 2083 1576 2158 Ut
1602 2098 1681 2178 post
1703 2077 1898 2176 praelium,
1937 2087 1986 2159 ita
2011 2105 2091 2180 post
2115 2105 2356 2166 conventuum

329 2186 613 2261 adversariorum
645 2188 882 2273 delectantur,
924 2209 999 2256 non
1031 2185 1207 2279 impedio,
1245 2209 1318 2277 quo
1363 2185 1494 2274 exitus,
1523 2181 1612 2257 haec
1635 2187 1752 2258 civilia
1773 2188 1963 2259 certamina
1979 2192 2105 2261 melius
2120 2196 2260 2264 narrari
2273 2219 2358 2289 pot-

327 2291 448 2362 minus
472 2290 648 2364 fruantur.
690 2284 775 2380 Ego
798 2287 923 2359 utilem
945 2288 1142 2358 doctrinam
1159 2288 1320 2379 complc-
1364 2301 1460 2364 sunt.
1508 2285 1601 2360 Cum
1622 2287 1732 2379 igitur
1752 2290 1859 2360 linem
1881 2287 2087 2363 Conventus
2111 2290 2227 2366 adhuc
2250 2321 2356 2391 expe·

328 2415 494 2463 sussum
515 2391 554 2462 in
577 2391 683 2477 locis,
714 2391 754 2460 in
774 2386 967 2474 Romanis,
999 2387 1039 2459 in
1060 2387 1220 2462 Daniele.
1268 2385 1319 2456 Hi
1364 2403 1517 2477 sumus,
1548 2392 1713 2461 nondum
1736 2392 1781 2461 de
1802 2415 1844 2462 eo
1866 2392 1950 2465 satis
1971 2395 2077 2487 plane
2099 2397 2252 2469 scribere
2272 2382 2357 2492 pos-

330 2492 418 2564 libri
434 2493 518 2563 satis
527 2492 748 2585 'respondent
760 2491 988 2576 adversariis,
1016 2514 1082 2562 nec
1099 2491 1181 2561 volo
1198 2490 1321 2579 singu·
1364 2515 1455 2566 sum.
1515 2489 1587 2562 Sed
1614 2494 1769 2563 narrabo
1793 2490 1996 2580 historiam,
2036 2520 2127 2590 quae
2159 2502 2357 2590 praecessit,

329 2595 375 2664 lis
389 2589 551 2666 hostibus
564 2593 759 2688 peculiares
772 2592 1000 2663 refutationes
1017 2616 1208 2686 opponere.
1245 2589 1320 2662 Ge·
1365 2617 1473 2689 quam
1495 2593 1566 2664 scio
1592 2594 1658 2664 tibi
1683 2595 1876 2665 iucundam
1899 2599 1994 2668 lectu
2015 2600 2111 2684 fore,
2147 2596 2238 2670 mihi
2261 2619 2356 2676 certe

330 2697 445 2768 rimus
460 2696 555 2766 enim
575 2696 711 2767 bellum
729 2717 811 2767 cum
833 2694 1059 2780 centimanis,
1083 2709 1125 2766 ut
1143 2694 1262 2778 vides,
1287 2705 1321 2762 et
1366 2695 1536 2789 spectanti
1559 2695 1627 2767 fuit
1642 2696 1907 2772 iucundissima.
1957 2693 2169 2794 Priusquam
2186 2700 2358 2798 Princeps

331 2799 483 2869 subinde
512 2823 554 2868 ex
583 2797 754 2888 sanguine
777 2795 940 2888 priomm
968 2791 1206 2888 sophistarum
1235 2793 1321 2864 novi
1365 2796 1562 2889 publicavit
1580 2797 1713 2869 librum
1735 2795 2006 2871 Instaurationis
2022 2797 2279 2891 Ecclesismm,
2301 2808 2357 2879 le-
2418 2861 2428 2889 ,-

330 2913 535 2985 nascuntur
559 2915 601 2973 ut
612 2901 657 2970 de
666 2896 881 2989 Gigantibus
894 2911 1016 2991 poetae
1031 2897 1201 2968 scribunt.
1232 2895 1322 2982 Scis,
1366 2921 1446 2991 gere
1468 2913 1503 2971 et
1524 2900 1666 2992 penitus
1685 2922 1893 2990 cognoscere
1913 2902 2081 2993 cumipse
2094 2906 2219 2980 voluit.
2267 2905 2359 2980 Per·

331 3026 389 3071 me
410 2996 648 3072 methodicam
672 2998 851 3071 scribendi
874 3011 910 3069 et
928 2997 1126 3069 disserendi
1145 2997 1321 3068 rationem
1366 3001 1501 3072 tinebat
1516 2995 1603 3072 haec
1621 3001 1804 3092 diligentia
1827 3004 1871 3072 ad
1897 3004 1972 3072 eius
1991 3004 2166 3092 officium,
2196 3020 2231 3080 et
2252 3008 2357 3084 laude

276 3119 282 3125 ·
331 3103 492 3193 elegisse,
517 3116 628 3174 utres
644 3097 803 3196 bene⁷),‘
823 3098 951 3170 ordine
967 3099 1323 3193 etperspicueexpli-
1366 3103 1473 3192 digna
1490 3115 1553 3176 est.
1603 3100 1675 3173 Sed
1696 3104 1944 3194 multomagis
1964 3106 2111 3176 miratus
2129 3109 2358 3185 sumeiusin

332 3219 498 3304 carentur
526 3205 572 3274 ad
597 3201 812 3297 posteritatis
839 3201 1040 3273 utilitatem.
1098 3198 1147 3272 Et
1169 3203 1213 3271 de
1233 3201 1322 3270 meis
1366 3204 1597 3275 auscultando
1613 3203 1844 3275 attentionem
1859 3197 1893 3276 et
1908 3201 2167 3295 assiduitatem,
2192 3224 2227 3283 et
2242 3210 2282 3282 in
2297 3237 2358 3286 ex·

333 3307 472 3398 scriptis
496 3305 801 3377 iudiciumbonis
820 3304 1005 3396 permitto,
1046 3315 1081 3373 et
1099 3299 1216 3372 Deum
1245 3326 1322 3385 oro,
1366 3304 1563 3396 pendendis
1587 3329 1628 3377 ac
1658 3308 1889 3377 emendandis
1917 3309 2003 3380 locis
2029 3311 2297 3385 obscurioribus
2322 3331 2358 3390 et

332 3421 374 3478 ut
386 3407 552 3479 studiosis
569 3420 650 3479 etet
664 3403 842 3476 Ecclesiae
859 3404 1009 3496 prosint.
1046 3402 1208 3475 Profecto
1223 3404 1320 3475 aliud
1366 3402 1630 3478 horridioribus
1644 3406 1890 3498 prudentiam,
1922 3426 1958 3482 et
1979 3411 2018 3480 in
2037 3412 2252 3505 disputando
2274 3441 2359 3490 eru-

332 3504 432 3579 nihil·
440 3509 480 3579 in
492 3506 551 3579 his
564 3507 748 3579 laboribus
761 3528 921 3601 unquam
928 3501 959 3600 ⁸)
975 3505 1146 3598 spectaii3
1176 3530 1252 3576 non
1267 3506 1323 3576 di·
1367 3508 1552 3582 ditionem.
1602 3507 1750 3581 Tribuit
1763 3509 1923 3605 quinque
1938 3513 2063 3583 diebus
2079 3516 2272 3588 matutinas
2290 3514 2359 3592 ho-

332 3613 427 3682 mico
443 3612 487 3681 de
501 3611 606 3704 laude
618 3608 775 3699 ingenii,
805 3616 872 3677 nec
884 3621 1004 3678 tamen
1020 3607 1069 3677 ita
1087 3631 1144 3677 me
1164 3606 1239 3697 ipse
1258 3610 1323 3676 de-
1367 3633 1424 3681 ras
1453 3610 1580 3705 quinas
1609 3605 1694 3680 huic
1723 3612 1992 3700 auscultationi,
2037 3612 2209 3690 adhibitis
2240 3614 2360 3694 Coad.

300 3806 305 3813 κ
334 3713 458 3807 spicio,
481 3726 523 3784 ut
538 3712 596 3782 vel
606 3703 842 3810 Alpinorum
856 3708 970 3796 illum,
991 3708 1049 3778 vel
1058 3703 1323 3808 Aquonsum⁹),
1367 3711 1495 3798 iutore,
1517 3698 1891 3809 ComiteStolbirgio‚
1915 3713 2160 3808 Husmonno,
2182 3711 2360 3823 Lencpio,

334 3814 398 3911 qui
412 3810 584 3885 Coloniae
597 3813 670 3883 iam
685 3811 840 3903 scripsit:
871 3809 986 3881 levius
1002 3834 1145 3904 peccare
1160 3813 1324 3883 sacerdo-
1367 3806 1534 3884 Buchclo
1555 3826 1590 3885 et
1608 3837 1703 3889 me.¹
1741 3809 1986 3888 Attentissime
2010 3821 2148 3895 audivit
2171 3822 2241 3916 legi
2264 3825 2360 3899 inte-
2416 3883 2420 3890 -

334 3931 407 3988 tem
428 3940 510 3986 cum
528 3929 671 3987 centum
695 3911 819 3983 scortis
841 3912 1034 4004 polluitur,
1062 3935 1171 4005 quam
1187 3913 1219 3981 si
1234 3936 1324 3984 uxo·
1367 3939 1470 4006 gmm
1484 3937 1585 4010 opus.
1634 3913 1785 4008 Quoties
1800 3920 1953 3991 occurrit
1966 3920 2065 3992 locus
2081 3922 2119 3991 in
2134 3949 2207 4018 quo
2219 3926 2359 4023 aliquid

334 4040 410 4088 rem
443 4018 565 4103 ducat,
601 4008 694 4085 mihi
725 4011 928 4087 anteferam.
991 4010 1093 4098 Scio,
1128 4013 1324 4106 praedicari
1368 4016 1600 4105 desideravit,
1623 4041 1663 4088 re
1684 4019 1880 4112 disputata,
1906 4037 2068 4095 accurate
2082 4025 2172 4100 dixit
2186 4026 2273 4123 quid
2288 4030 2359 4105 sibi

335 4110 586 4216 Alpdonsum,
612 4129 647 4188 et
661 4139 736 4186 non
752 4114 884 4201 miror,
916 4113 1148 4207 complacere
1163 4111 1325 4186 hostibus
1367 4118 1566 4205 videretur,
1596 4131 1631 4191 et
1650 4121 1783 4192 auditis
1798 4122 1950 4195 aliorum
1965 4125 2170 4216 sententiis,
2199 4129 2256 4202 vel
2276 4156 2360 4205 mn-

334 4221 477 4296 nostris.
577 4217 674 4291 lllud
688 4217 817 4304 miror,
841 4216 1032 4311 quosdam,
1062 4215 1243 4308 quinobis
1257 4241 1324 4288 vo·
1369 4218 1455 4306 tari,
1494 4219 1552 4291 vel
1570 4219 1743 4293 illustrari
1763 4237 1998 4316 campartem
2025 4227 2146 4316 iussit,
2182 4233 2359 4326 quaedam

336 4324 418 4394 lunt
432 4322 547 4392 videri
561 4320 684 4406 amici,
716 4317 884 4390 delectari
903 4317 1029 4390 talium
1048 4316 1224 4389 librorum
1245 4317 1325 4390 lau·
1368 4319 1441 4415 ipse
1461 4344 1526 4394 suo
1545 4320 1787 4417 iudiciogrecte
1802 4327 2014 4402 emendavit.
2063 4326 2199 4405 Multas
2213 4347 2361 4411 contro-

336 4425 461 4509 dibus‚
485 4447 557 4516 qua
572 4447 612 4493 re
624 4419 912 4492 malevolentiam
928 4443 1026 4492 snam
1042 4417 1258 4519 significant.
1367 4422 1500 4495 versiae
1518 4424 1722 4516 dogmatum
1743 4425 1793 4499 ita
1814 4427 1935 4500 dextre
1957 4429 2185 4523 diiudicavit,
2214 4429 2256 4511 ut
2277 4438 2360 4511 ani-

436 4523 556 4598 Hodie
578 4523 722 4594 venient
736 4521 859 4612 Legati
875 4510 1073 4592 Coloniam
1096 4521 1194 4590 missi
1215 4544 1235 4592 a
1255 4546 1325 4592 no-
1367 4526 1624 4598 madverterem
1646 4524 1839 4600 res‘tantas
1863 4530 1897 4600 ei
1920 4531 1983 4603 diu
2004 4532 2172 4625 cogitatas
2193 4559 2283 4628 essa,
2321 4555 2359 4618 et

336 4627 437 4714 stris;
469 4621 600 4695 horum
621 4623 767 4694 nomina
788 4623 883 4714 apud
899 4620 945 4696 D.
960 4620 1144 4693 Decanum
1162 4623 1325 4715 explora·
1367 4627 1541 4718 integram
1553 4623 1731 4701 Ecclesiae
1750 4630 1948 4702 doctrinam
1963 4647 2055 4705 recte
2070 4636 2116 4708 ab
2134 4661 2176 4711 eo
2193 4639 2359 4737 intelligi.

334 4731 391 4801 bis
407 4742 441 4801 et
457 4722 548 4799 mihi
565 4726 707 4801 scribes.
756 4722 879 4796 Velim
894 4723 999 4793 etiam
1020 4737 1056 4795 te
1076 4722 1272 4814 significare
1293 4727 1324 4796 si
1368 4727 1451 4801 Scio
1472 4753 1603 4822 paucos
1621 4723 1688 4803 hac
1710 4728 1836 4802 iudicii
1858 4735 2064 4808 dexteritate
2079 4740 2258 4830 praeditos
2273 4768 2359 4833 esse,

335 4831 424 4926 quid
444 4842 564 4900 tamen
586 4825 734 4912 audisti,
773 4848 863 4921 quae
886 4824 958 4896 sint
976 4825 1065 4896 lacta
1087 4820 1325 4923 προκρίματα
1368 4852 1459 4925 quae
1476 4831 1624 4927 quidem
1643 4844 1678 4903 et
1699 4830 1835 4924 ingenii
1855 4833 1930 4906 vim
1951 4837 2141 4928 significat,
2177 4856 2213 4916 et
2234 4844 2357 4920 eurem

336 4927 418 5026 περὶ
434 4925 588 5028 βιβλίοὺ
602 4921 841 5028 πεμφθέντος
848 4923 890 5025 ¹⁰)
913 4921 1016 5027 παρὰ
1036 4921 1324 5025 ἀρχιεπισκόπου
1368 4945 1474 5027 atque
1488 4930 1724 5006 intentionem
1735 4935 1849 5006 animi
1863 4961 1970 5032 quam
1983 4963 2089 5014 nemo
2102 4938 2265 5036 adhibet,
2286 4948 2358 5023 nisi
2389 4940 2392 4945 ’

1367 5033 1431 5155 qui
1456 5058 1539 5155 vere
1564 5031 1683 5108 Deum
1711 5037 1827 5109 colere
1851 5053 1886 5112 et
1908 5040 2075 5116 invocare
2103 5044 2213 5140 cupit.
2267 5044 2358 5126 Erat

366 5216 398 5288 ἦ
415 5215 610 5274 catanae
622 5213 666 5270 m·
679 5221 860 5270 nonomen.
1368 5150 1456 5208 situs
1482 5136 1576 5210 liber
1601 5138 1761 5212 caetesm
1782 5141 1964 5212 doctrmae
1987 5145 2032 5213 ad
2054 5169 2222 5236 manum,
2259 5165 2356 5227 auxta

367 5303 398 5372 7)
416 5298 486 5356 coa.
500 5299 613 5355 atoue.
624 5297 669 5355 ω·
680 5300 781 5353 m
1358 5229 1533 5320 ‘Lutdcri
1554 5239 1775 5332 versionem,
1811 5266 1936 5321 recens
1956 5245 2088 5319 editam
2110 5247 2358 5347 Witebergae,

365 5388 396 5457 8)
415 5386 485 5442 cod.
498 5384 609 5440 Monac
621 5385 665 5439 88.
679 5400 834 5453 moenem-

366 5473 395 5539 9)
415 5470 485 5528 cod.
498 5470 611 5524 Monac.
623 5467 667 5524 88.
681 5471 846 5534 Aquorrem.

367 5561 415 5642 to)
432 5555 500 5614 cod.
516 5555 627 5608 Monac.
640 5553 682 5609 90.
697 5554 871 5653 adopertae.
1398 5552 1448 5627 tt)
1466 5556 1535 5614 cod.
1547 5557 1662 5616 Monac.
1672 5559 1715 5618 88.
1729 5560 1847 5636 dyarsir,
1868 5565 2008 5626 mendose.

1359 1330 1555 1456 Q.
1935 1416 1942 1428 ,
2223 1335 2355 1409 atto.

2222 1431 2354 1459 Μ

1706 1511 1749 1600 Ι.
1782 1511 2004 1601 Caesareo.

1375 5432 1581 5453 ——
