4868 6420
194 345 270 418 819
412 411 416 417 .
778 342 1215 420 EPISTOLARUM
1274 345 1471 422 Ltutx.
1524 339 1691 423 1545.Ι
2158 339 2232 415 tta

197 521 315 614 aliqua
332 531 603 589 aeternamente
621 515 895 590 architectatrice
911 520 1089 590 conditam
1106 541 1190 587 esse.
1237 543 1293 589 eas
1316 519 1419 588 valde
1450 520 1637 612 temperari
1668 530 1838 610 potestate
1866 517 2047 596 siderum,
2087 526 2127 583 ut
2156 511 2231 593 nati

199 621 240 693 ld
260 622 450 690 clarissime
472 622 626 690 ostendit
648 617 706 689 bic
730 621 804 712 ipse
827 625 916 692 ordo
931 637 1091 691 motuum
1110 645 1191 712 per·
1236 623 1342 713 paulo
1370 638 1450 693 ante
1472 622 1781 703 coniunctionem,
1816 645 1896 689 cum
1918 619 2003 687 luna
2027 616 2100 683 iam
2121 614 2228 684 radiis

201 737 329 816 petuus
345 715 482 792 summa
500 737 574 792 arte
592 724 791 809 institutus3
808 798 811 815 ι
827 750 909 793 nam
926 749 1008 795 casu
1022 737 1100 793 orta
1116 746 1191 790 non
1237 723 1321 793 solis
1337 724 1484 813 tegitur,
1507 726 1611 813 longe
1628 739 1710 794 sunt
1728 721 1975 790 imbecilliores
1993 717 2084 789 aliis.
2134 714 2228 786 Rur-

201 828 365 895 feruntur
385 826 487 892 certis
511 839 545 894 et
571 825 722 893 aeternis
743 827 899 915 legibus,
933 840 966 895 et
998 826 1124 894 ordine
1146 824 1189 892 ad
1237 819 1374 909 auehi,
1409 827 1538 918 quibus
1568 826 1704 914 fulgent
1732 847 1879 912 magnae
1910 820 2056 891 Saturni
2081 834 2117 888 et
2141 815 2231 887 lovis

201 928 295 997 vitae
317 927 504 996 utilitatem
528 929 790 998 accommodato
817 954 856 997 ac
882 943 1062 1019 perpetuo.
1112 924 1192 995 Hoc
1238 928 1523 1011 coniunctiones,
1562 928 1687 996 crasim
1727 928 1831 1014 longe
1861 918 1993 991 habent
2026 921 2230 993 feliciorem.

202 1030 390 1098 mirificum
419 1028 655 1117 spectaculum
691 1029 770 1097 ideo
796 1031 1016 1121 propositum
1048 1041 1099 1097 est
1126 1023 1192 1096 bo·
1239 1027 1309 1099 Sed
1342 1029 1487 1117 longum
1519 1043 1606 1097 esset
1629 1029 1785 1119 exempla
1809 1025 1988 1117 persequi3
2023 1046 2116 1116 quae
2150 1046 2229 1090 con·

203 1131 341 1200 minum
365 1131 560 1212 mentibus,
580 1142 620 1198 ut
638 1130 761 1198 dedeo
784 1156 849 1200 nos
868 1130 1193 1211 commonefaceret,
1238 1153 1363 1218 gruere
1378 1130 1529 1214 videbit,
1556 1131 1757 1222 quicunque
1773 1129 1928 1218 aspicere
1944 1150 1983 1194 ea
1999 1126 2108 1192 volet.

203 1257 308 1326 quem
325 1231 372 1299 ita
391 1255 499 1322 prope
521 1244 712 1315 monstrat,
739 1247 779 1302 ut
794 1233 926 1302 Paulus
944 1234 1054 1311 dicat,
1083 1254 1193 1321 paene
1340 1228 1465 1301 Deliis
1482 1232 1680 1316 effectibus,
1702 1233 1737 1298 id
1756 1241 1807 1299 est
1821 1227 2111 1318 temperamentis
2131 1238 2165 1294 et
2177 1223 2229 1292 in·

202 1333 368 1402 manibus
384 1334 592 1402 contrectari
617 1335 724 1400 deum
746 1359 866 1425 posse,
891 1337 1136 1405 ostendentem
1158 1355 1193 1400 se
1240 1332 1513 1416 minationibus,
1557 1358 1646 1426 quae
1693 1332 1908 1401 comitantur
1948 1340 2230 1418 temperamenta,

203 1434 308 1506 uobis
325 1435 361 1501 in
381 1429 449 1502 boc
464 1458 527 1509 suo
545 1435 696 1524 opificio.
1241 1434 1440 1526 loquimur3
1456 1459 1529 1502 non
1546 1436 1729 1503 referimus
1742 1437 1784 1502 ad
1804 1434 1915 1501 sidera
1932 1452 2057 1499 omnes
2072 1429 2229 1497 omnium

294 1534 507 1618 Postremo,
539 1537 745 1624 dignitatem
767 1536 948 1605 doctrinae
972 1538 1016 1605 (le
1038 1538 1194 1607 motibus
1242 1530 1429 1604 hominurn
1451 1537 1608 1605 actiones
1630 1551 1665 1606 et
1690 1550 1847 1606 eventus.
1897 1532 1946 1604 Ut
1969 1532 2078 1620 igitur
2102 1531 2141 1597 in
2163 1554 2230 1598 me-

205 1663 245 1708 eo
266 1639 436 1705 maiorem
459 1660 531 1704 esse
548 1639 715 1722 sciamus,
736 1639 817 1729 quia
839 1639 968 1707 multas
994 1640 1080 1708 alias
1103 1653 1194 1708 artes
1241 1638 1319 1705 dica
1334 1651 1407 1706 arte
1418 1662 1457 1705 ex
1479 1638 1680 1726 cognitione
1696 1660 1899 1718 cansarum,
1924 1635 2112 1722 signorum
2130 1645 2163 1700 et
2184 1632 2230 1699 ef-

204 1739 467 1830 complectitur‚
504 1751 538 1806 et
560 1741 640 1807 fons
664 1752 716 1807 est
738 1736 987 1831 geographiae,
1008 1767 1077 1834 qua
1102 1753 1196 1810 certe
1240 1739 1394 1808 fectuum
1411 1763 1467 1807 ars
1481 1741 1595 1808 extitit
1609 1753 1684 1809 tum
1703 1739 1901 1821 iudicandi,
1917 1750 1989 1805 tum
2007 1733 2231 1824 praedicendi

205 1842 244 1910 in
260 1843 333 1911 vita
349 1864 467 1909 carere
485 1864 559 1907 non
578 1865 772 1930 possumus.
1241 1840 1370 1908 multas
1402 1865 1591 1932 corporum
1626 1840 1855 1917 mutationes,
1897 1851 1931 1906 et
1963 1861 2004 1905 ca
2039 1834 2229 1926 praedictio

304 1940 374 2012 Sed
391 1941 494 2010 venio
520 1943 561 2008 ad
582 1943 845 2028 divinatricem,
869 1968 976 2035 quam
1001 1939 1106 2009 multi
1128 1933 1194 2008 bo·
1243 1936 1384 2033 physica
1400 1966 1455 2010 res
1473 1966 1636 2011 concessa
1659 1955 1728 2022 est,
1756 1956 1786 2010 et
1806 1940 1920 2009 aliena
1936 1963 1955 2007 a
1969 1935 2230 2028 superstitione,

177 2084 179 2088 >
204 2045 318 2113 mines
335 2043 428 2111 docti
443 2044 580 2131 magnis
596 2045 836 2113 voluminibus
851 2045 1011 2114 insectati
1027 2056 1121 2111 sunt.
1242 2043 1326 2134 quia
1351 2057 1401 2111 est
1426 2045 1578 2134 aspectio
1608 2044 1814 2113 divinorum
1839 2041 2005 2132 operum,
2037 2048 2240 2117 causarum„

306 2141 370 2214 Est
383 2144 422 2211 in
436 2145 602 2214 manibus
617 2139 804 2213 bominum
822 2147 960 2234 farrago
977 2141 1197 2215 criminatio-
1240 2144 1423 2232 signorum
1442 2159 1475 2214 et
1491 2146 1694 2215 effectuum:
1721 2145 1769 2213 ita
1785 2144 1825 2211 in
1840 2139 1906 2212 hae
1924 2141 2160 2219 divinatrice,
2178 2141 2232 2208 iu·

206 2239 436 2318 numaPico
450 2270 522 2313 non
540 2247 687 2337 scripta,
710 2250 770 2339 sed
789 2263 947 2339 excerpta
966 2272 1007 2315 ex
1025 2244 1195 2314 vetustio·
1242 2245 1381 2314 dicante
1405 2269 1444 2313 ex
1473 2248 1628 2317 siderum
1655 2248 1789 2337 positu,
1823 2268 1964 2327 causae,
1999 2243 2123 2329 signa,
2156 2241 2233 2309 effe-

205 2352 306 2420 ribus
323 2349 602 2429 commentariis,
628 2347 691 2439 qui
713 2351 757 2416 ad
782 2342 888 2418 hrrius
904 2347 1124 2417 divinatricis
1140 2368 1196 2412 re·
1242 2361 1325 2416 ctus
1340 2347 1578 2437 aspiciuntur,
1612 2361 1645 2418 et
1674 2345 1802 2416 horum
1831 2346 2071 2415 consideratio
2097 2357 2232 2413 tantum

205 2447 477 2544 prehensionem
504 2448 617 2517 multo
642 2462 723 2516 ante
746 2451 883 2520 collecti
904 2450 1060 2521 fuerunt.
1120 2443 1195 2514 Hos
1242 2464 1293 2518 est
1315 2447 1518 2517 divinorum
1542 2474 1689 2540 operum
1713 2449 1877 2541 aspectio.
1943 2445 2067 2534 Quare
2094 2458 2132 2514 et
2154 2468 2232 2514 con·

205 2555 406 2622 refutarunt
427 2550 522 2618 docti
546 2549 632 2633 viri,
656 2544 875 2618 Bellantr'us
901 2552 1014 2622 etalii
1033 2549 1195 2642 quidam;
1242 2572 1334 2618 cessa
1358 2563 1409 2618 est
1433 2546 1520 2620 haec
1542 2576 1598 2621 ars
1618 2564 1652 2619 et
1676 2552 1793 2620 aliena
1812 2540 2115 2640 asuperstitione.
2166 2546 2229 2617 Sed

175 2654 180 2660 ’
206 2670 240 2725 et
253 2653 385 2722 multae
401 2652 494 2718 leves
509 2665 542 2721 et
558 2642 697 2719 ieiunae
713 2653 952 2722 cavillationes
966 2650 1196 2749 obiiciantur,
1241 2674 1316 2718 uon
1347 2674 1533 2739 evagemur
1558 2666 1653 2722 extra
1683 2667 1810 2731 metas,
1842 2675 1916 2720 non
1940 2650 2165 2719 affirmemus
2185 2669 2229 2726 ea,

204 2779 354 2849 quarum
372 2753 533 2842 repetitio
553 2754 675 2841 longa,
703 2755 922 2824 et'refutatio
941 2779 1014 2822 non
1038 2774 1196 2820 necessa·
1242 2776 1331 2844 quae
1354 2767 1562 2843 apotestate
1583 2766 1757 2823 astrorum
1775 2778 1849 2821 non
1868 2753 2055 2834 oriuntur,
2082 2774 2151 2819 nec
2170 2748 2232 2816 mi·

203 2858 256 2928 ria
275 2871 335 2927 est.
386 2852 582 2924 Prudentes
598 2856 780 2924 verissimo
798 2849 940 2925 Galeni
961 2855 1093 2924 iudicio
1109 2876 1196 2933 con·
1241 2876 1398 2922 secamus
1417 2870 1527 2925 sortes
1551 2869 1585 2926 et
1607 2857 1668 2924 illa
1692 2879 1819 2945 genera
1834 2854 2124 2933 divinationum,
2151 2871 2232 2943 quae

204 2960 293 3030 tenti
311 2957 405 3039 sint,
425 2955 487 3047 qni
507 2958 550 3025 de
567 2957 651 3046 ipsis
673 2971 849 3026 astrorum
871 2957 1116 3025 effectionibus
1138 2955 1195 3021 iu-
1242 2969 1342 3024 vocat
1358 2953 1579 3027 Ptolemaeus
1599 2951 1896 3055 ἀναιτιολογητὰ.

204 3062 299 3154 quit:
319 3051 549 3149 sophisticum
566 3072 616 3126 est
633 3059 838 3127 manifestae
855 3059 1089 3150 experientiae
1104 3056 1194 3125 velle
1342 3053 1534 3151 Postquam
1562 3072 1679 3130 autem
1712 3061 1936 3141 dictumest,
1969 3069 2230 3146 temperamen-

203 3161 454 3231 contradicere.
506 3155 620 3227 Addit
638 3174 772 3238 autem,
796 3184 869 3228 esse
885 3160 1021 3253 aliquas
1037 3160 1193 3227 siderum
1240 3169 1315 3224 tum
1333 3171 1368 3226 et
1382 3157 1632 3231 inclinationes
1647 3162 1691 3229 ab
1710 3162 1813 3231 astris
1829 3160 1934 3242 oriri,
1954 3159 2026 3226 iam
2045 3160 2232 3247 prudentes

204 3288 244 3332 ac
266 3261 411 3330 luminis
427 3260 645 3340 effectiones,
672 3261 711 3329 in
735 3263 916 3331 elementis
939 3275 973 3330 et
987 3259 1194 3351 corporibus
1240 3258 1404 3346 cogitent,
1420 3285 1582 3351 magnam
1598 3262 1742 3355 quidem
1757 3276 1891 3353 partem
1909 3256 1994 3328 haec
2008 3260 2119 3330 initia
2133 3260 2233 3328 actio·

204 3364 344 3442 mixtis,
361 3362 492 3452 plantis
510 3376 543 3430 et
558 3363 796 3431 animantibus
810 3364 993 3431 manifesta
1013 3360 1195 3452 experien-
1241 3382 1327 3428 num
1343 3362 1521 3447 comitari;
1548 3378 1589 3435 ut
1603 3365 1750 3434 dicitur:
1777 3372 1933 3431 naturae
1945 3359 2119 3458 sequitur
2133 3356 2232 3429 semi·

204 3467 252 3538 tia
269 3477 487 3553 compertum
506 3477 567 3535 est.
600 3461 648 3532 Ut
663 3464 792 3532 scimus
808 3464 925 3552 ignem
942 3464 1095 3533 calidum
1111 3484 1195 3544 esse,
1235 3484 1291 3546 ¹nu
1313 3458 1466 3558 quisque
1486 3489 1589 3537 suae.
1649 3465 1720 3535 Sed
1752 3479 1870 3536 tamen
1897 3489 1975 3534 cum
2001 3463 2078 3531 sint
2102 3475 2232 3532 tantum

203 3592 331 3662 aquam
356 3561 539 3634 humidam
564 3557 1193 3661 (sicenimloquarexemplicausa),
1241 3562 1404 3652 partiales
1432 3590 1574 3649 causae,
1609 3567 1764 3637 actiones
1798 3567 1943 3636 aliunde
1975 3566 2052 3653 regi
2076 3577 2230 3656 possunt.

204 3671 254 3738 sic
269 3670 396 3737 scimus
419 3690 565 3754 corpora
582 3692 599 3733 a
616 3665 699 3736 Sole
716 3667 886 3749 calefieri,
915 3692 933 3734 a
948 3661 1192 3753 Lunabume-
1242 3661 1293 3732 Ac
1314 3687 1451 3735 necesse
1472 3683 1540 3751 est,
1562 3692 1640 3751 eos,
1664 3669 1726 3761 qui
1742 3669 1927 3759 disciplina
1944 3669 2106 3759 quadam
2123 3687 2229 3755 regere

203 3771 311 3853 ctari,
343 3766 490 3838 Saturni
515 3781 549 3836 et
571 3766 698 3835 Martis
720 3768 1004 3837 coniunctionem
1029 3769 1068 3835 in
1091 3768 1194 3835 leone
1240 3765 1348 3833 vitam
1372 3781 1405 3837 et
1430 3793 1545 3839 mores
1568 3771 1715 3856 volunt,
1744 3772 1833 3840 scire
1853 3769 2008 3861 triplices
2026 3791 2106 3837 esse
2121 3770 2230 3835 diver-

204 3885 318 3943 aestus
342 3883 376 3939 et
397 3869 568 3938 siccitates
587 3870 718 3952 facere,
744 3867 865 3939 Lunae
880 3882 914 3940 et
931 3868 1024 3938 lovis
1042 3869 1194 3938 coniun-
1239 3865 1393 3937 sissimas
1417 3874 1594 3941 actionum
1619 3867 1856 3941 humanarum
1884 3893 2016 3941 causas.
2071 3867 2229 3940 Usitatis-

205 3975 358 4044 ctionem
374 3995 500 4045 cancro
515 3993 641 4057 augere
655 3964 834 4043 humores.
919 3973 924 3982 ‘
1239 3968 1326 4037 sima
1345 3983 1395 4040 est
1410 3975 1592 4060 voluntas,
1618 3998 1707 4066 quac
1731 3989 1792 4044 aut
1811 3973 2018 4056 assentitur,
2044 3985 2112 4041 aut
2133 3994 2230 4062 repu-

306 4072 490 4141 llaeccum
503 4085 668 4161 perpetua
678 4072 889 4163 experientia
904 4073 1020 4163 palam
1037 4084 1193 4156 testetur,
1240 4082 1322 4159 gnat
1350 4079 1655 4165 temperamentis,
1691 4090 1730 4147 ut
1758 4074 1798 4146 C.
1820 4074 1948 4146 Caesar
1968 4090 2151 4164 repugnat
2167 4074 2230 4142 ira-

205 4203 279 4247 non
295 4176 403 4245 dubia
420 4186 522 4252 suut,
547 4173 616 4241 nisi
630 4173 708 4266 quis
723 4169 931 4264 sophistice,
956 4174 1193 4262 utllnaxago-
1240 4169 1410 4258 cundiae,
1446 4203 1526 4248 cum
1561 4181 1672 4251 victos
1704 4177 1881 4270 principes
1915 4177 1954 4244 in
1986 4176 2147 4267 patriam
2181 4198 2228 4244 re-

205 4304 280 4363 ras,
307 4277 486 4367 disputare
502 4275 605 4357 velit,
631 4275 749 4342 nivem
766 4289 877 4344 atram
895 4298 979 4348 esse.
1020 4272 1111 4344 Cum
1127 4276 1194 4365 igi·
1239 4286 1350 4346 vocat.
1397 4360 1401 4373 ι

207 4397 265 4451 tur
293 4380 365 4448 sint
397 4377 535 4469 aliquae
563 4376 766 4445 effectiones
803 4391 977 4446 astrorum
1010 4389 1044 4445 et
1071 4400 1193 4446 earum
1339 4370 1420 4444 Alia
1442 4399 1545 4446 causa
1566 4380 1773 4471 principalis
1798 4394 1851 4451 est
1874 4381 1977 4462 deus,
2001 4394 2046 4450 ut
2068 4403 2154 4448 curn
2178 4402 2228 4448 ac·

208 4478 468 4552 animadversio
495 4492 605 4545 artem
635 4470 827 4568 pepererit,
854 4503 928 4546 non
954 4479 1096 4546 inanem
1121 4501 1193 4546 esse
1240 4477 1403 4546 cenditur
1421 4473 1555 4563 David,
1581 4495 1619 4550 ut
1636 4484 1831 4572 proelietur
1848 4507 1926 4551 cum
1936 4475 2102 4552 Goliath.
2142 4478 2227 4550 llaec

207 4580 298 4653 hanc
315 4579 558 4650 divinatricem
580 4593 794 4651 necesseest.
845 4578 916 4648 Sed
932 4592 1043 4649 metae
1062 4580 1194 4650 consti·
1241 4576 1330 4646 actio
1355 4593 1390 4649 et
1410 4579 1558 4665 similes,
1585 4586 1705 4675 quales
1721 4600 1804 4655 sunt
1821 4585 1961 4676 piorum
1976 4583 2138 4668 multae,
2162 4604 2225 4652 non

207 4698 353 4757 tuantur
367 4683 438 4750 iam
454 4693 555 4750 antea
570 4705 591 4749 a
607 4679 808 4750 Ptolemaeo
825 4681 1069 4772 praescriptae.
1240 4677 1378 4747 cientur
1395 4680 1576 4751 stellarum
1601 4685 1737 4754 viribus
1761 4700 1822 4756 aut
1839 4686 2150 4773 temperamentis,
2172 4683 2227 4753 sed

307 4783 445 4853 Lumen
459 4776 602 4851 advehit
617 4781 800 4874 qualitates
821 4782 952 4872 primas
970 4794 1005 4850 et
1021 4780 1194 4871 proximas
1240 4793 1324 4849 sunt
1346 4795 1462 4851 motus
1484 4784 1619 4868 divini,
1646 4812 1733 4879 quos
1755 4788 1836 4858 ideo
1860 4787 2050 4875 diligenter
2069 4787 2227 4856 conside-

207 4914 248 4960 ex
270 4883 326 4956 bis
350 4899 445 4954 ortas
467 4882 506 4951 iu
528 4884 596 4952 alia
616 4907 773 4974 corpora.
833 4880 888 4951 De
910 4889 990 4953 ae're
1012 4878 1070 4951 his
1090 4883 1194 4951 annis
1240 4881 1312 4950 rari
1335 4885 1495 4973 prodest,
1529 4899 1571 4954 ut
1591 4911 1656 4956 nos
1682 4889 1949 4959 assuefaciamus
1970 4889 2018 4955 ad
2043 4891 2227 4979 petendam

205 4989 328 5060 multis
351 4985 542 5055 certissima
566 4984 767 5054 testimonia
791 4984 962 5068 vidimus,
995 5007 1085 5077 quae
1108 5007 1193 5052 eon·
1241 4984 1359 5053 adeo
1391 4986 1696 5073 gubernationem.
1755 4990 1892 5061 Multae
1920 5001 2005 5059 sunt
2030 4988 2227 5080 pravaeiu

206 5089 405 5161 iunctiones
420 5099 453 5155 et
469 5086 612 5176 eclipses
629 5099 803 5170 aestuum,
835 5109 925 5177 quae
940 5080 1194 5156 humiditatum
1240 5084 1408 5154 omnibus
1430 5088 1698 5176 inclinationes,
1721 5107 1772 5179 et,
1798 5106 1838 5163 ut
1858 5092 1930 5161 sint
1951 5092 2088 5175 bonae,
2116 5105 2228 5162 tamen

206 5214 413 5281 magnarum
445 5211 546 5257 causa
581 5188 725 5262 fuerint.
791 5185 862 5258 Sed
895 5187 939 5256 dc
964 5181 1111 5255 bomine
1137 5186 1195 5255 di·
1239 5209 1366 5275 magua
1384 5202 1433 5259 est
1450 5183 1637 5260 bominum
1653 5193 1905 5278 infirmitas,et
1921 5215 2079 5276 errores,
2101 5189 2227 5264 achal-

206 5315 337 5366 camus.
400 5351 405 5357 ,
1239 5286 1473 5358 lucinationes
1487 5291 1673 5380 plurimae.
1716 5294 1838 5385 Quare
1854 5298 1942 5387 opus
1959 5306 2012 5363 est
2027 5294 2156 5364 divina
2168 5316 2228 5382 gu·

305 5389 428 5464 Crases
441 5384 680 5459 humanorum
694 5411 903 5479 corporum,
929 5389 993 5459 etsi
1006 5388 1118 5460 multa
1132 5412 1194 5459 su·
1239 5389 1465 5473 bernatione,
1491 5392 1589 5463 utin
1610 5397 1754 5485 psalmis
1775 5397 1927 5467 subinde
1949 5395 2100 5465 dicitur:
2151 5392 2228 5466 De-

204 5511 308 5568 munt
330 5518 350 5563 a
376 5490 520 5564 materia
544 5514 606 5561 seu
630 5490 823 5576 asemine,
848 5504 965 5561 tamen
980 5504 1115 5562 certum
1132 5504 1194 5578 est,
1241 5484 1310 5559 duc
1330 5511 1402 5573 me,
1429 5486 1592 5581 domine,
1615 5493 1657 5564 in
1680 5496 1741 5568 via
1764 5506 1842 5574 tua.
1897 5494 2036 5593 Estque
2060 5496 2228 5589 sapientis
