1496 1792
237 165 276 185 69⁵

239 213 288 229 tuos,
306 212 324 227 et
335 208 482 226 consuetudinem
496 212 550 226 totam
565 208 656 226 venalium
670 207 737 226 Missa-

240 241 290 254 rum‚
302 238 365 252 tetram
373 233 533 257 prophanationem
545 240 587 253 esse.
612 233 665 252 Nunc
677 234 737 251 suavi-

240 264 267 278 ter
277 260 368 282 mitigant:
385 260 485 283 adplicetur
494 265 548 277 coena
560 259 635 278 Domini
645 266 678 283 pro
688 265 747 279 mor—-

240 286 285 307 tuis,
297 291 335 303 non
344 285 413 303 ratione
424 285 513 306 sacrificii,
527 285 558 303 sed
569 285 638 303 ratione
648 285 737 307 suffragii;

241 312 285 329 fiant
292 311 363 328 venales
371 308 448 332 Missae,
460 311 489 328 sed
496 311 592 334 pauciores.
618 310 736 328 Manifestum

242 340 277 358 est,
293 335 381 354 ethnicam
397 337 544 354 consuetudinem
557 342 603 357 esse,
620 336 678 360 qualis
689 342 738 354 nnnc

242 366 276 384 est,
292 362 423 380 invocationem
436 366 555 380 mortuorum.
583 361 636 380 Nunc
647 361 738 384 mitigant:

241 388 347 405 invocentur
354 388 460 409 modestius,
472 388 526 405 verba
538 387 596 405 lenius
607 387 738 410 intelligantur:

241 413 300 431 Maria
312 417 367 431 mater
375 413 449 436 gratiae,
462 417 482 431 tu
492 419 525 430 nos
534 413 556 430 ab
565 412 615 431 hoste
625 416 705 436 protege,
718 412 739 430 in

241 438 285 456 hora
293 439 355 456 mortis
362 439 439 462 suscipe3
452 439 483 456 sed
490 440 601 457 invocentur.
626 439 656 457 Sic
664 439 683 455 in
690 438 739 456 mul-

241 465 264 483 tis
276 464 316 482 aliis
326 464 456 482 moderationes
467 467 554 488 quaerunt
569 464 623 484 tales,
640 470 684 488 quae
696 464 739 481 reti-

242 494 297 508 neant
306 496 370 508 nervos
383 490 480 513 impiorum
492 490 582 508 cultuum.
611 489 638 507 De
650 489 738 507 coelibatu

241 515 288 534 nihil
296 516 354 533 dicere
361 519 444 539 possunt,
460 519 477 533 et
485 519 544 533 tamen
551 516 665 539 impudenter
672 521 739 538 propu-

241 545 302 564 gnant.
311 541 352 565 quia
357 541 467 559 commodior
474 545 500 559 est
506 542 528 559 ad
533 547 574 564 opes
583 541 738 559 administrandas.

292 566 331 584 Hae
338 565 468 590 Sycophantiae
475 571 581 590 praeparant
586 566 657 589 Regum
664 567 738 588 animos,

241 596 301 616 postca
315 593 406 610 adduntur
420 592 565 612 declamationes,
582 598 635 616 quam
649 592 671 609 sit
681 590 738 610 hone-

241 622 287 636 stum
301 618 347 635 tueri
358 618 413 640 leges,
426 621 443 635 et
453 621 562 641 praesentem
569 618 644 635 formam
653 617 737 640 Reipub„

241 650 294 667 quam
302 643 420 666 periculosum
428 643 450 661 sit
457 644 511 661 semel
519 644 612 661 admittere
619 643 738 661 mutationum

241 669 347 692 exemplum.
376 668 402 686 lta
413 669 533 687 incenduntur
543 668 600 691 Reges
610 669 632 686 ad
645 669 737 686 saeviciam

242 695 261 712 in
273 700 315 712 suos
326 694 450 714 exercendam,
462 698 480 712 et
490 695 512 712 ad
521 695 609 712 movenda
620 694 667 712 bella
674 695 738 712 adver-

241 726 271 738 sus
280 720 344 738 multas
351 720 431 737 nationes
440 723 457 737 et
463 720 508 738 bene
516 723 592 737 moratas
599 720 687 741 civitatee,
693 726 738 744 quae

240 749 283 763 sunt
290 745 380 763 domicilia
390 745 489 763 litterarum
495 758 500 765 ,
513 745 617 769 disciplinae
626 749 643 763 et
650 745 738 763 Ecclesia-

241 777 281 789 rum
286 785 291 792 ‚
305 771 341 788 imo
348 777 393 794 quae
401 775 442 789 sunt
450 775 555 789 ornamenta
566 771 620 789 totius
626 771 675 789 orbis
682 775 738 789 terra-

240 803 286 815 rum.
312 796 360 814 Haec
371 795 479 820 sophismata
490 800 508 814 et
518 795 562 821 haec
573 797 667 820 parricidia
674 800 739 815 vocant

241 822 275 846 ipsi
285 821 375 840 Ecclesiae
386 822 540 844 reformationem,
556 829 601 846 quae
611 828 651 840 tum
662 822 738 840 certissi-

240 854 290 865 mum
302 848 334 868 sit,
347 854 384 865 non
395 853 431 871 esse
440 854 450 865 a
459 847 507 868 Deo,
518 854 560 865 nam
571 847 658 865 Diabolus
670 852 696 866 est
705 854 738 866 au-

241 877 279 891 ctor
293 873 434 894 mendaciorum,
451 872 589 891 homicidiorum
604 877 621 891 et
635 874 737 895 libidinum,

240 899 326 917 monendi
334 902 352 917 et
360 897 444 917 hortandi
453 903 494 917 sunt
503 905 564 917 omnes
572 898 664 920 homines,
677 903 698 917 nt
708 905 737 917 so-

240 925 323 942 cietatum
332 930 394 942 eorum
406 924 485 947 fugiant,
498 925 529 948 qni
541 931 558 942 se
565 925 671 948 profitentur
678 923 737 942 hostes

240 956 276 968 esse
283 950 384 970 doctrinae,
397 956 442 973 quae
450 954 501 968 sonat
511 950 530 967 in
538 949 622 967 Ecclesiis
628 950 699 969 nostris.

291 975 358 998 Magna
369 975 465 993 multitudo
477 979 504 993 est
513 975 654 998 Epicuraeorum
665 974 737 999 ubique,

240 1001 271 1025 qui
284 1001 344 1019 rident
356 1007 418 1019 omnes
432 1001 526 1024 religiones
542 1004 559 1018 et
574 1001 646 1025 quidem
660 1001 679 1018 in
691 1001 736 1018 aulis

239 1026 346 1043 Pontificum
357 1029 374 1043 et
384 1026 460 1048 Regum.
494 1025 529 1043 Hic
539 1027 611 1044 ducitur
623 1032 660 1044 esse
671 1027 736 1049 gradus

239 1051 336 1074 sapientiae
343 1051 449 1074 praecipuus
460 1051 518 1069 ridere
529 1052 633 1075 religiones,
647 1055 665 1070 et
676 1055 736 1070 tamen

238 1077 319 1100 gnaviter
330 1076 414 1094 simulare
428 1077 506 1094 studium
518 1077 614 1095 servandae
622 1078 737 1095 eonsuetudi-

238 1102 273 1120 nis.
298 1102 319 1119 In
328 1108 348 1119 eo
357 1101 452 1121 hominum
459 1108 523 1125 genere
534 1101 567 1120 hae
575 1106 645 1120 nostrae
653 1103 736 1120 admoni-

239 1128 296 1145 tiones
306 1133 370 1150 pamm
382 1127 450 1149 valent3
463 1128 493 1145 sed
501 1128 542 1145 illos
552 1128 643 1152 alloquor,
656 1128 686 1152 qui
695 1134 737 1146 sen-

239 1154 294 1174 tiunt,
308 1159 345 1171 non
357 1159 398 1170 casu
409 1156 471 1170 natum
481 1159 518 1171 esse
530 1152 624 1171 hominum
636 1159 700 1177 genus,
716 1158 736 1172 ut

238 1179 305 1202 pulices
321 1182 352 1196 aut
365 1184 444 1199 muscas,
460 1179 491 1196 sed
504 1178 539 1197 Dei
553 1179 628 1197 consilio
643 1180 735 1198 conditum

239 1210 285 1224 esse,
298 1204 321 1221 ad
329 1204 384 1227 ipsius
391 1204 500 1227 agnitionem
506 1218 511 1226 ‚
528 1204 553 1222 Et
561 1204 619 1222 Deum
627 1211 668 1222 vere
675 1211 693 1223 se
704 1212 735 1228 pa-

238 1229 317 1248 tefecisse
328 1228 407 1247 humano
418 1230 488 1252 generi,
501 1236 521 1247 ac
532 1236 573 1248 vere
586 1230 678 1248 tradidisse
690 1230 735 1249 Pro—

237 1254 327 1278 pheticam
344 1258 362 1272 et
376 1254 497 1278 apostolicam
514 1256 618 1273 doctrinam.
647 1255 687 1274 Hoc
704 1257 735 1280 qui

238 1281 326 1300 sentiunt,
340 1280 443 1303 intelligunt
451 1287 488 1298 non
496 1281 550 1299 licere
557 1280 661 1299 hominibus
668 1286 735 1300 mutare

238 1310 308 1324 aeterna
314 1305 348 1323 Dei
355 1307 434 1328 decreta,
446 1307 476 1324 sed
484 1313 552 1324 summa
562 1307 661 1325 reverentia
673 1314 692 1325 ea
703 1314 736 1325 au-

239 1332 277 1350 dire
289 1335 305 1349 et
318 1332 401 1354 amplecti
411 1332 506 1353 debemus,
523 1336 540 1350 et
550 1332 588 1350 Deo
598 1333 668 1355 “gratias
679 1339 735 1356 agere,

238 1358 287 1381 quod
294 1360 311 1375 et
319 1357 387 1380 diligit,
396 1361 412 1375 et
421 1358 495 1380 diligere
502 1364 520 1375 se
529 1358 580 1376 toties
588 1358 735 1377 adfirmatEccle-

237 1383 281 1401 siam
288 1388 343 1404 suam,
350 1386 367 1400 et
373 1383 422 1401 dedit
427 1383 480 1401 nobis
484 1383 548 1406 pignus
552 1384 580 1401 sui
587 1384 658 1404 amoris,
663 1384 734 1406 Filium,

237 1412 255 1426 et
265 1408 334 1426 addidit
340 1407 467 1431 &angelium
479 1412 496 1426 et
509 1409 527 1426 id
540 1409 641 1432 saepissime
652 1410 734 1432 restituit,

237 1440 277 1452 cum
289 1432 383 1452 hominnm
395 1434 502 1457 negligentia
514 1438 532 1452 et
543 1435 610 1452 malitia
620 1438 650 1452 aut
661 1441 733 1459 prorsus

236 1460 256 1477 in
264 1459 372 1477 oblivionem
384 1460 442 1481 venit,
455 1463 486 1478 aut
494 1460 584 1478 obscurari
593 1461 656 1484 coepit.

529 164 748 192 EPls'roLARUM
773 164 829 185 Lm,
844 163 887 185 lx(
904 164 971 185 154⁵.

1223 164 1263 184 ⁶96

812 207 884 226 Horum
895 208 1022 226 beneficiorum
1036 207 1179 230 magnitudinem
1193 207 1262 226 nullius

762 237 853 252 creaturae
865 234 967 257 eloquentia
979 233 1038 251 verbis
1049 239 1124 257 aequare
1136 237 1199 256 potest.
1223 233 1261 252 Sed

762 263 822 277 tamen
830 260 923 282 cogitanda
930 263 972 277 sunt
978 259 1012 283 piis
1019 259 1116 280 mentibus,
1128 262 1146 276 et
1154 259 1260 277 declaranda

762 285 823 308 aliquo
830 286 883 303 modo
890 285 979 308 gratitudo
988 285 1048 302 studio
1057 284 1189 308 amplectendae
1193 285 1261 302 doctri>

762 317 805 331 nae,
822 314 839 328 et
850 311 913 329 tuendi
925 314 942 328 et
955 311 1032 328 ornandi
1046 310 1142 328 ministerii
1151 309 1261 333 Evangelici,

763 340 780 354 et
791 336 915 354 benevolentia
926 342 966 359 erga
976 337 1024 359 ipsos
1034 335 1130 357 Doctores,
1146 342 1226 359 quorum
1236 336 1261 354 la-

762 362 845 383 boribus,
857 362 951 385 perieulis,
967 365 985 380 et
998 361 1067 384 magnis
1081 361 1127 379 curis
1138 365 1156 379 et
1168 361 1259 380 doloribus

763 384 844 406 doctrina
851 388 956 406 restituitur.

814 426 850 444 Sed
866 430 886 444 ut
900 431 969 449 semper
982 424 1061 446 Ecclesia
1072 429 1132 443 coetus
1144 428 1172 443 est
1183 425 1260 448 exigunt,

764 452 788 470 ita
800 452 852 475 pauci
863 455 915 473 aunt,
932 451 963 475 qui
977 449 1019 468 haec
1034 451 1092 468 officia
1107 454 1209 474 praestant3
1232 452 1260 469 sed

764 481 790 496 est
802 481 862 496 tamen
876 480 935 495 coetus
951 476 1024 500 aliquis,
1043 480 1061 495 et
1072 476 1167 494 mediocris
1179 476 1261 495 multitu-

764 504 793 522 do.
819 503 867 521 Haec
877 503 951 520 invitata
958 501 993 520 Dei
1004 508 1044 525 erga
1056 508 1089 525 nos
1096 508 1166 524 amore,
1177 505 1195 520 et
1206 506 1261 521 morte

764 529 815 550 Filii,
828 529 895 546 amabit
902 527 1019 550 Evangelium
1025 540 1030 548 ,
1043 534 1075 545 nec
1081 528 1129 545 volet
1136 528 1230 546 inflectere
1240 529 1261 546 ad

764 560 804 572 suas
815 554 929 577 cupiditates,
945 560 978 571 nee
987 553 1095 576 corruptelas
1106 554 1187 576 affinget,
1203 557 1225 571 ut
1236 557 1261 572 at-

764 583 850 603 temperet
861 579 979 602 Evangelium
990 582 1074 602 tanquam
1085 578 1168 599 Lesbiam
1177 579 1262 602 regulam,

763 609 784 623 nt
792 606 866 626 dicitur,
880 606 902 623 ad
910 605 1016 623 Pontificum
1029 604 1178 626 dominationum
1192 605 1223 622 sed
1231 611 1261 623 an-

764 632 802 649 diet
811 630 942 653 Eungelium,
962 633 983 648 ut
997 630 1093 653 discipula,
1113 633 1131 648 et
1146 630 1261 653 amplectetur

763 663 838 680 purum,
850 657 975 679 incorruptum
982 659 1000 673 et
1008 662 1045 673 non
1054 656 1131 673 dilutum
1139 654 1218 674 ethnicis
1224 656 1261 680 opi-

763 682 854 701 nionibus.
987 706 991 708 Α

814 719 853 737 Hos
861 718 930 737 Christi
941 719 1030 736 auditores
1037 725 1089 742 spero
1097 718 1173 737 libenter
1180 722 1200 737 et
1210 718 1260 737 huius

763 745 805 763 libri
817 745 944 768 disputationes
956 745 1033 762 lecturos
1045 750 1092 766 esse,
1105 750 1150 768 qnae
1160 748 1179 762 et
1190 748 1261 768 propter

764 774 864 794 temporum
875 769 968 788 historiam
979 773 996 788 et
1010 773 1083 793 propter
1092 776 1120 787 res
1135 770 1181 793 ipsu
1196 776 1260 794 cogno-

764 797 838 814 scendae
846 800 893 814 sunt.
918 795 966 813 Hinc
973 796 1021 813 enim
1033 796 1108 818 intelligi
1116 796 1192 819 poterit,
1205 802 1261 820 quan-

764 825 791 840 tae
801 822 869 840 fuerint
879 822 962 840 tenebrae
974 821 1054 844 priorum
1062 824 1172 844 temporum,
1184 822 1219 839 etsi
1229 820 1261 840 bae

763 846 822 865 adhuc
835 848 855 865 in
867 847 929 865 multis
938 847 1041 869 regionibus
1052 851 1070 865 et
1080 850 1153 864 manent
1167 850 1185 865 et
1196 847 1260 865 confir-

763 877 840 892 mantur.
869 872 939 890 Deinde
949 872 994 890 utile
1006 876 1032 890 est
1046 872 1117 892 videre,
1134 878 1179 896 quae
1195 873 1261 891 fuerint

762 899 893 922 progressiones
900 898 1037 919 emendationis,
1050 901 1067 915 et
1074 898 1157 916 lectorem
1165 899 1238 916 erudire
1245 902 1261 917 et

763 925 785 942 de
796 924 858 942 multis
869 924 938 947 magnis
952 924 1005 941 rebus
1019 924 1169 941 commonefacere
1181 928 1261 947 possunt.

762 949 786 968 Et
794 951 859 968 multae
867 953 925 973 partes
932 949 1023 967 doctrinae
1028 948 1171 970 Ecclesiam-ae,
1185 956 1261 973 quarum

762 976 840 998 cognitio
854 975 952 993 necessaria
968 978 995 993 est
1011 975 1105 996 omnibus,
1122 974 1151 992 hic
1164 975 1261 998 explicatae

761 1005 809 1020 sunt.

812 1038 915 1056 Dolendnm
926 1041 952 1055 est
962 1041 1022 1055 antem
1033 1040 1103 1055 tantum
1116 1043 1152 1055 esse
1163 1037 1259 1056 Potentnrn

761 1064 876 1087 pertinaciam
884 1064 904 1081 in
912 1063 1028 1087 opprimenda
1037 1063 1077 1081 luce
1084 1062 1187 1086 Evangelii,
1195 1067 1216 1082 ut
1223 1070 1259 1082 non

762 1089 820 1108 solum
836 1089 969 1113 superstitiones
986 1089 1034 1112 apud
1050 1094 1092 1106 suos
1108 1089 1210 1111 stabiliant,
1230 1089 1259 1107 sed

762 1115 826 1133 malint
836 1115 945 1138 Epicuraeos
955 1115 1033 1134 furores,
1050 1118 1067 1132 et
1078 1114 1136 1132 variat
1146 1115 1258 1133 confiniens·

761 1140 853 1158 Sectamm
860 1140 907 1158 inter
915 1146 956 1158 snos
967 1139 1052 1163 grassari,
1064 1143 1085 1157 nt
1095 1140 1160 1163 passim
1167 1140 1209 1158 fieri
1218 1146 1258 1158 eon-

761 1169 804 1188 stat,
817 1172 870 1190 quam
883 1166 980 1183 emendatis
987 1165 1072 1183 Ecclesiis
1082 1166 1176 1189 praeficere
1184 1166 1258 1184 idoneo·

761 1191 852 1212 homines,
865 1192 897 1215 qui
905 1190 952 1209 hanc
963 1191 1084 1214 incorruptam
1092 1190 1188 1213 Evangelii
1198 1198 1257 1209 votem

760 1221 890 1241 proponerent,
904 1223 949 1241 quae
957 1217 976 1234 in
984 1216 1049 1235 nostris
1057 1215 1141 1234 Ecclesiis
1148 1220 1208 1235 sonat.

811 1255 857 1274 Cum
865 1262 907 1273 vero
915 1254 998 1273 humanis
1006 1255 1086 1273 consiliis
1093 1255 1145 1273 leniri
1155 1254 1201 1273 haee
1209 1261 1256 1279 aspe—

760 1281 803 1299 ritas
811 1288 848 1299 non
857 1281 920 1305 possit,
933 1280 990 1299 Deum
998 1284 1090 1299 aeternum
1101 1280 1172 1299 Patrem
1183 1280 1256 1299 Domini

761 1308 817 1325 nostri
830 1307 870 1325 lesu
879 1306 946 1325 Christi
955 1313 997 1328 oro,
1007 1313 1043 1324 una
1054 1313 1094 1325 cum
1105 1307 1189 1324 universa
1196 1306 1255 1325 Ecde-

760 1333 795 1355 δίε,
808 1337 827 1351 nt
835 1333 871 1356 ipse
880 1333 914 1350 sibi
922 1333 1002 1355 colligat,
1015 1336 1064 1355 regat
1071 1336 1088 1350 et
1096 1336 1154 1350 servet
1159 1331 1256 1350 Ecclesiam

760 1362 859 1380 aeternam,
871 1365 891 1376 ac
900 1361 920 1376 ut
932 1358 990 1376 flectat
1001 1362 1069 1376 mentes
1079 1357 1149 1380 Regum
1162 1362 1180 1376 et
1187 1358 1256 1376 Princi-

759 1391 811 1408 pum,
824 1385 846 1402 ad
857 1384 997 1407 amplectendam
1008 1387 1025 1401 et
1033 1384 1166 1407 propagandam
1175 1384 1255 1402 incorru-

759 1414 807 1433 ptam
824 1409 917 1432 Evangelii
930 1410 1039 1431 doctrinam,
1059 1413 1080 1427 ut
1094 1409 1173 1427 serviant
1191 1409 1255 1433 gloriae

758 1435 834 1457 Christi,
851 1439 868 1453 et
882 1435 945 1458 populi
960 1435 1013 1453 saluti
1027 1441 1069 1453 vere
1083 1435 1183 1454 consulant.
1209 1434 1255 1453 Bene

758 1462 797 1479 vale
803 1460 904 1479 Christiane
911 1460 980 1479 Lector.
