4868 6420
188 348 261 422 685

188 518 278 589 Nam
296 515 426 581 interea
443 496 560 578 tamen
580 506 818 576 adolescentes
842 527 978 595 semper
994 501 1041 571 ob
1058 496 1181 568 oculos

188 641 285 688 meos
300 625 495 682 versantur.

291 747 399 834 Quod
420 744 512 811 filiae
536 765 633 809 meae
656 763 804 808 aureum
818 751 1068 806 ornamentum
1084 731 1183 801 misi-

189 855 269 935 stis,
296 870 444 937 agnosco
463 856 614 911 vestram
635 864 714 929 erga
731 863 787 907 me
805 853 838 907 et
854 861 950 909 meos
966 835 1182 907 benevolen-

189 956 294 1030 tiam,
322 961 356 1017 et
370 945 470 1014 vobis
488 944 617 1033 gratias
632 965 707 1031 ago.
756 939 823 1010 Sed
843 964 928 1018 oro,
955 964 999 1008 ne
1017 937 1182 1025 deinceps

189 1052 341 1125 ornaretis
357 1072 419 1116 vos
435 1046 611 1114 sumtibus
629 1043 760 1112 talibus
775 1040 1075 1111 extraordinariis.
1122 1034 1183 1105 lu·

190 1153 341 1227 ctrrrdior
355 1164 405 1218 est
420 1142 509 1214 mihi
525 1146 678 1215 amicitia
693 1157 831 1229 nostra,
846 1143 987 1236 quando
1005 1163 1081 1209 non
1097 1161 1184 1208 one-

190 1283 232 1328 ro
247 1278 310 1325 vos
326 1251 456 1321 talibus
468 1247 653 1316 sumtibus.

292 1383 346 1454 De
362 1381 576 1471 Republica,
602 1379 693 1461 scio,
717 1377 819 1446 vobis
837 1399 894 1456 ea,
919 1397 1010 1467 quae
1025 1373 1068 1440 ad
1087 1365 1184 1442 Rbe-

194 1512 280 1559 num
303 1486 490 1565 dicuntur,
523 1495 606 1549 nota
639 1503 722 1549 esse.
780 1474 835 1546 Ex
858 1471 1062 1569 Hangaria
1094 1467 1184 1539 milri

194 1588 380 1667 scribitur,
408 1582 440 1650 T
442 1606 605 1651 orcarum
623 1579 834 1673 Tyrannum
851 1578 987 1646 venisse
1006 1574 1186 1645 Adriano-

194 1691 327 1783 polim,
365 1684 428 1754 ubi
450 1682 643 1751 exercitum
666 1680 817 1767 colligit,
850 1680 1051 1747 ducendum
1074 1674 1186 1742 Vien-

195 1815 290 1862 nam.
349 1785 422 1854 Nos
447 1783 733 1851 commendemus
753 1778 828 1848 Deo
845 1776 1039 1848 Ecclesiam
1064 1789 1097 1845 et
1118 1772 1187 1843 Pa·

195 1893 322 1971 triam,
340 1901 373 1953 et
390 1886 426 1952 in
443 1885 573 1952 nostris
590 1882 713 1951 officiis
729 1882 914 1968 diligentes
928 1882 1048 1948 simus.
1079 1875 1187 1945 Prin-

198 1995 290 2082 cipes
310 1986 440 2056 babent
456 1987 618 2076 impetus,
638 1997 680 2079 put
694 1982 866 2064 videmus,
885 1983 1012 2063 varios,
1034 1992 1068 2047 et
1084 1977 1186 2067 pauci

199 2091 387 2164 consulunt
405 2085 585 2153 communi
602 2083 726 2154 Saluti.
771 2081 879 2151 Mitto
894 2083 995 2151 vobis
1012 2077 1186 2150 Oratiun-

199 2195 314 2265 culam
329 2193 372 2257 de
386 2182 562 2264 Basilio,
588 2185 687 2254 cuius
705 2183 911 2268 lectionem,
931 2183 1101 2272 optarim,
1123 2204 1186 2247 vo-

198 2297 255 2365 bis
286 2288 461 2379 voluptati
496 2309 579 2358 esse.
631 2283 729 2354 Bene
763 2285 886 2358 valete.
942 2282 1063 2352 Pridie
1092 2279 1189 2350 Mat-

189 2391 294 2469 tbiae
324 2387 432 2462 1545.

424 3255 430 3261 ,
474 3166 623 3255 Ιοασίι.
657 3162 915 3252 camerario.

229 3392 234 3398 ,
271 3331 354 3402 apae
374 3328 408 3383 sa
426 3326 563 3403 omero.
580 3345 607 3400 p.
628 3326 678 3379 501
688 3307 727 3396 η’.
743 3324 798 3393 (ea.
817 3324 908 3380 eona.
928 3321 976 3376 tv.
995 3339 1037 3391 ep.
1055 3320 1142 3389 ιιι).

216 3481 442 3563 Clarissimo
481 3483 559 3554 viro
600 3477 802 3551 crudelium
841 3489 872 3550 et
907 3477 1036 3586 eigtute
1066 3499 1176 3572 prae·

230 3589 351 3661 stanti
379 3581 627 3660 Ioaclsimo
659 3572 781 3657 Cam.
813 3575 908 3654 Pah.
942 3576 1063 3649 amico
1095 3600 1162 3648 sao

502 3753 508 3765 ,
630 3707 758 3758 carass.

205 3807 253 3896 S·
279 3819 324 3894 D.
377 3817 455 3889 Etsi
477 3819 529 3886 sio
555 3830 588 3885 te
603 3812 778 3884 Herodoti
800 3826 833 3882 et
850 3806 1099 3902 Xenophontis
1114 3835 1196 3881 sua-

124 3994 139 4004 ,
209 3928 317 3993 vitate
342 3922 537 4000 imbutum,
559 3939 635 3985 non
658 3929 820 4005 appetere
844 3913 1031 3982 lectionem
1048 3914 1195 4002 scripto-

209 4049 289 4095 rum
313 4018 561 4098 horridorum,
584 4031 701 4086 tamen
724 4010 805 4083 misi
820 4007 992 4082 Polonici
1013 4014 1114 4101 regni
1138 4009 1196 4081 hi.

210 4125 375 4207 storiam,
410 4144 465 4191 res
494 4119 733 4189 continentem
764 4115 892 4183 multas
913 4115 1118 4204 pracsertim
1138 4139 1192 4182 re-

195 4228 384 4297 centiores
410 4220 610 4311 cognitione
631 4219 766 4307 dignas.
817 4214 983 4303 Regnum
1010 4211 1101 4283 mibi
1122 4239 1196 4285 non

211 4327 335 4397 infelix
356 4324 463 4393 fuisse
482 4320 642 4404 videtur,
669 4333 703 4388 et
727 4317 924 4387 defensioni
948 4311 1112 4407 Europae
1133 4319 1198 4386 ad-

210 4450 333 4498 versus
358 4425 457 4492 illam
480 4421 677 4490 barbariem
702 4417 869 4489 Arctoam
898 4417 1035 4487 utiliter
1067 4419 1197 4497 serviit,

214 4544 247 4600 et
261 4543 301 4598 ut
315 4524 417 4596 initio
435 4515 598 4592 Othonis
614 4519 678 4590 lll.
697 4520 845 4588 consilio
861 4533 894 4587 et
910 4518 1096 4588 autoritate
1112 4544 1198 4588 con-

213 4632 375 4700 stitutum
386 4639 456 4708 est,
480 4624 526 4692 ita
542 4646 638 4690 nunc
651 4623 748 4688 fartali
765 4620 911 4711 periodo
926 4613 1054 4688 horum
1071 4642 1199 4708 regno-

214 4756 295 4802 rum
314 4727 513 4795 vicinorum
534 4723 692 4791 fortassis
716 4734 853 4804 exacta,
877 4720 1020 4788 videtur
1044 4721 1083 4788 in
1105 4722 1200 4811 peri-

141 4832 142 4836 ’
215 4832 287 4902 culi
301 4828 499 4897 societatem
517 4847 596 4892 cum
610 4821 797 4891 Pannonia
820 4834 853 4890 et
865 4818 1057 4890 Germania
1073 4837 1200 4892 ventu·

102 5006 118 5029 ὁ
186 4940 315 5015 ‘rum,
340 4929 401 4996 sed
423 4948 563 4995 oremus
577 4921 692 4993 Deum
714 4936 896 4991 aeternum
912 4935 1048 5013 patrem
1064 4924 1200 4991 domini

216 5030 331 5102 nostri
350 5027 430 5098 lesu
454 5023 608 5108 Christi,
632 5040 672 5095 ut
692 5019 866 5092 Ecclesias
888 5046 985 5106 suas,
1011 5036 1046 5093 et
1065 5024 1202 5094 littera-

217 5159 297 5204 rum
318 5127 472 5219 hospitia
495 5139 619 5196 servet.
670 5123 807 5192 Vellem
831 5124 1017 5214 scriptores
1039 5124 1121 5193 illos
1135 5126 1203 5195 ali-

217 5235 362 5328 quidde
378 5228 536 5298 llenetae
553 5225 666 5316 gentis
679 5225 887 5318 antiquitate
905 5225 1021 5293 dicere
1036 5228 1202 5315 potuisse,

217 5337 317 5405 cuius
333 5344 467 5422 partem
482 5352 553 5397 esse
565 5326 739 5409 Polonos,
757 5321 848 5394 nibil
867 5326 1017 5397 dubium
1032 5339 1094 5400 est.
1133 5327 1201 5398 Sed

218 5432 305 5505 baec
321 5431 510 5527 aliquando
528 5452 655 5497 coram.

759 321 1197 406 EPISTOLARUM
1248 321 1360 403 LIB.
1394 323 1458 403 IX.
1512 321 1675 402 1645..

2147 319 2224 396 684

1334 490 1535 566 Amantius
1566 519 1756 588 properare
1786 519 1821 567 se
1853 495 1992 567 dicebat
2025 496 2070 564 ad
2101 494 2221 566 nescio

1233 600 1329 692 quod
1357 600 1541 671 iudicium.
1595 597 1679 668 ldeo
1701 623 1780 667 cum
1798 611 1935 688 praeter
1950 621 2048 687 spem
2065 620 2083 664 a
2100 591 2220 690 Stiga-

1234 696 1286 767 lio
1304 699 1438 770 diutius
1463 713 1622 769 retentus
1637 714 1743 784 esset,
1768 702 1811 768 ad
1826 713 1860 769 te
1875 722 1948 767 non
1962 699 2141 791 profectus
2159 711 2220 772 est.

1232 796 1281 870 Et
1312 825 1391 870 cum
1424 801 1578 871 audisset
1611 825 1729 869 meum
1755 800 1942 868 consilium
1966 794 2049 893 περὶ
2072 802 2147 869 τοῦ
2170 794 2219 891 μὴ

1232 903 1492 994 μνησικακεῖν,
1519 902 1758 972 arbitrabatur
1779 915 1813 970 te
1829 902 1923 970 idem
1937 922 2123 970 sensurum
2140 923 2222 974 esse.

1233 1001 1422 1074 Calumnia
1438 1003 1594 1073 nascitur
1619 1004 1651 1071 ci
1674 1027 1713 1071 ex
1729 1027 1801 1072 uno
1817 1003 1943 1084 verbo,
1975 1003 2071 1094 quod
2097 1001 2161 1070 ille
2187 1001 2222 1070 in

1235 1101 1450 1174 Germanico
1467 1104 1596 1194 scripto
1615 1104 1753 1173 incaute
1773 1104 1901 1194 posuit,
1928 1100 2102 1172 Videlicet
2110 1098 2221 1195 Equi-

1235 1220 1324 1291 tem,
1350 1205 1451 1275 cuius
1466 1205 1536 1295 egit
1552 1199 1751 1272 Amantius
1769 1227 1944 1288 caussam,
1968 1204 2076 1274 fuisse
2092 1204 2221 1294 spolia-

1235 1322 1310 1378 turn
1335 1307 1457 1390 bonis,
1483 1320 1523 1375 ut
1544 1304 1717 1376 Germani
1740 1307 1945 1397 loquuntur.
1996 1303 2092 1374 Hinc
2115 1303 2223 1399 Syco-

1237 1403 1368 1501 phanta
1400 1407 1493 1497 cepit
1513 1402 1765 1478 διατείνεσθαι
1789 1407 1984 1497 principem
2007 1408 2221 1498 praedonem

1235 1508 1366 1579 vocari.
1416 1506 1512 1576 Hinc
1527 1509 1608 1576 illac
1624 1507 1842 1597 Tragoedias
1862 1521 1958 1577 sunt:
1986 1510 2048 1576 sed
2071 1502 2160 1576 haec
2181 1508 2222 1577 ab

1237 1611 1280 1678 iis
1293 1610 1355 1702 qui
1379 1608 1416 1677 in
1439 1611 1517 1677 foro
1530 1625 1715 1680 versantur
1735 1623 1834 1678 acute
1849 1609 1994 1698 cogitari
2009 1608 2223 1680 iudicantur.

1235 1709 1432 1802 Epistolam
1448 1724 1545 1780 tuam
1558 1711 1602 1778 ad
1613 1698 1849 1802 Crucigernm
1866 1711 2012 1780 miratus
2026 1733 2129 1793 sum,
2154 1735 2224 1780 non

1237 1826 1309 1882 tam
1333 1813 1427 1904 quod
1446 1824 1518 1880 tam
1535 1812 1672 1901 prolixe
1686 1835 1826 1880 excusas
1842 1835 1906 1881 eur
1921 1835 1993 1879 non
2009 1825 2112 1899 putes
2133 1812 2224 1881 inse-

1237 1915 1364 1982 rendas
1396 1925 1593 1982 vestrorum
1630 1913 1886 2002 disputationes
1920 1905 2084 1981 Latheri
2118 1913 2224 2002 operi,

1239 2038 1346 2107 quam
1366 2015 1462 2105 qnod
1488 2013 1556 2081 alia
1580 2015 1751 2105 quaedam
1782 2013 1976 2104 aspersisti,
2002 2037 2093 2106 quae
2117 2015 2224 2102 signi-

1239 2116 1344 2183 ficant
1376 2127 1411 2184 te
1443 2108 1700 2207 δυσχεραίνειν
1736 2108 1967 2207 κακοήθειαν
1995 2119 2124 2188 τινῶν.
2164 2139 2223 2205 ego

1240 2214 1640 2308 aequissimoanimovel
1657 2216 1774 2306 potius
1785 2210 2023 2309 ἀναισθήτως
2037 2216 2113 2285 fero
2130 2216 2224 2285 inso-

1240 2317 1385 2387 lentiam
1403 2310 1467 2386 καὶ
1486 2311 1614 2408 ὕβρεις
1635 2318 1829 2386 multorum
1845 2316 1899 2411 *),
1942 2331 1977 2387 et
1999 2318 2085 2386 dum
2111 2319 2224 2386 vivam

1154 2418 1178 2457 '¹
1238 2419 1419 2487 moderate
1432 2417 1557 2484 faciam
1573 2417 1728 2486 officium
1748 2441 1887 2502 mcum,
1912 2431 1947 2488 et
1962 2432 2077 2508 petam
2100 2442 2120 2487 a
2141 2417 2224 2499 Deo,

1240 2532 1281 2589 ut
1303 2519 1378 2610 ipse
1403 2519 1575 2606 gubernet
1597 2518 1728 2601 esitus,
1753 2532 1786 2587 et
1808 2514 1980 2607 provebat
2002 2520 2143 2588 labores
2163 2545 2225 2588 no-

1241 2632 1350 2703 stros,
1381 2619 1472 2689 sicut
1493 2614 1671 2688 Ecclesiae
1695 2620 1877 2715 promisit,
1907 2619 1972 2691 ἵνα
1991 2617 2139 2714 καρπὸν
2162 2619 2222 2716 φί-

1242 2745 1326 2811 ρητε
1334 2769 1346 2802 ,
1371 2713 1435 2789 καὶ
1450 2713 1470 2788 ὃ
1485 2714 1626 2811 καρπὸς
1639 2715 1749 2814 ὑμῶν
1761 2715 1867 2813 μίνη.
1924 2718 2021 2790 Bene
2042 2722 2141 2808 vale,
2171 2724 2225 2792 die

1242 2819 1360 2890 Natali
1378 2817 1498 2890 Caroli
1516 2817 1606 2910 lmp.

1900 2948 1994 3027 Phil.
2005 2953 2181 3030 Melantb.

1242 3360 1309 3433 No.
1327 3357 1441 3432 3144.
1488 3440 1490 3450 Ι

1253 3453 1425 3486 w

2059 3366 2111 3446 (2.
2127 3366 2231 3447 Men.)

2093 3459 2222 3486 Μ

1655 3557 1824 3643 Eidem.
1982 3654 1985 3669 ,

1313 3721 1398 3795 Epist.
1413 3721 1447 3776 ad
1459 3720 1599 3777 camerac.
1613 3738 1640 3790 p.
1654 3719 1706 3774 504
1716 3737 1758 3789 sq.
1777 3722 1831 3791 (ed.
1842 3720 1931 3778 Lond.
1943 3721 1991 3777 lilr.
2003 3721 2054 3777 tv.
2067 3741 2112 3796 ep.
2123 3725 2206 3796 66⁰).

1246 3852 1471 3935 Clarissimo
1492 3859 1568 3929 viro
1591 3855 1793 3929 eruditione
1820 3870 1852 3930 et
1874 3860 2002 3933 virtute
2026 3867 2235 3960 praestanti

1284 3958 1385 4032 loa
1403 3987 1419 4032 c
1435 3957 1471 4037 Ιι.
1499 3955 1572 4034 Ca
1589 3987 1637 4035 rn.
1662 3955 1757 4032 Pah.
1784 3961 1903 4041 amico
1929 3972 1960 4035 el
1987 3963 2109 4056 fratri
2133 3992 2200 4039 saa

1689 4085 1818 4132 carrss.

1246 4177 1293 4266 S.
1316 4191 1361 4263 D.
1413 4184 1629 4283 Matrica)
1650 4192 1831 4260 communi
1852 4191 1965 4263 amico
1989 4208 2113 4277 nostro
2141 4210 2232 4268 tuam

1248 4295 1540 4367 consuetudinem
1562 4293 1741 4381 gratulor,
1765 4288 1829 4364 καὶ
1853 4291 2031 4389 ἀφορμὴν
2046 4294 2257 4392 ἐπιτηδεα·

1247 4391 1379 4489 μάτων
1394 4394 1543 4464 forensis
1559 4394 1757 4476 doctrinae,
1783 4419 1890 4487 quarn
1906 4398 2065 4488 profecto
2081 4424 2159 4470 non
2178 4426 2234 4471 ne-

1249 4498 1448 4588 gligendam
1465 4517 1604 4577 censeo,
1631 4519 1695 4563 nec
1710 4495 1817 4562 velim
1833 4521 1852 4565 e
1869 4495 2007 4588 Repub.
2026 4500 2119 4574 tolli.
2170 4502 2235 4573 Sed

1250 4597 1402 4691 optarim
1429 4598 1546 4686 plures
1575 4597 1618 4665 ad
1646 4619 1723 4664 eam
1752 4596 1878 4665 afferre
1910 4613 2054 4668 naturas
2082 4616 2234 4673 amantes

1251 4699 1408 4771 iusticiae
1424 4710 1457 4766 ct
1474 4697 1578 4787 pacis.
1630 4694 1741 4788 Saepe
1757 4698 1852 4764 enim
1866 4722 1994 4789 magno
2018 4725 2099 4770 cum
2117 4706 2235 4774 dolore

1252 4799 1484 4870 animadverti
1500 4797 1699 4887 Principes,
1715 4823 1866 4888 quorum
1881 4787 2129 4892 reprimeridae
2145 4819 2237 4876 erant

1252 4897 1470 4997 φιλονεικίαι
1491 4895 1554 4969 καὶ
1575 4894 1795 4984 πλεονεξίαι,
1830 4900 1905 4969 eius
1933 4905 2019 4972 artis
2050 4902 2238 4995 sophistica

1253 5001 1405 5074 ince'ndi.
1457 5000 1526 5070 Sed
1551 4999 1637 5091 quid
1659 5001 1703 5067 de
1729 4994 1785 5068 bis
1804 5002 1888 5071 solis
1901 5004 2109 5095 querimur?
2161 5008 2239 5079 Plus

1287 5305 1319 5375 ¹¹)
1338 5304 1471 5376 Loquitur
1490 5306 1522 5358 de
1541 5305 1661 5361 Lutbero
1679 5317 1706 5361 et
1725 5309 1890 5368 Amsdorfio.

1291 5391 1320 5457 1)
1339 5389 1436 5442 Matth.
1459 5387 1656 5455 aWallerod,
1680 5409 1743 5445 com
1765 5411 1820 5464 quo
1841 5403 2010 5453 convenerat
2027 5395 2244 5459 Camerariuir

1323 5457 1422 5512 itinere
1435 5476 1528 5510 urenae
1543 5459 1630 5530 Aprili
1642 5457 1723 5513 facto.
