4868 6420
758 278 1190 367 EPISTOLARUM
1248 280 1358 361 LlB.
1390 280 1455 357 IX.
1510 279 1645 361 1645.

191 295 262 369 ⁶⁶¹
2154 278 2234 358 ose

194 470 336 543 ritatem
359 462 494 557 alioqui
517 460 752 555 amplificant,
779 474 897 530 tamen
920 450 988 524 hoc
1010 476 1084 521 non
1100 474 1186 520 cou-
1238 450 1338 530 Caes,
1354 451 1407 525 M.
1423 452 1569 526 Vestrae
1588 468 1623 527 et
1644 468 1806 527 statuum.
1822 452 1989 548 Imperii,
2015 452 2144 548 quibus
2166 477 2230 546 pe-

194 573 340 652 cedant,
355 566 558 658 praesertim
577 565 616 633 in
633 559 871 632 controversia
887 556 1088 638 doctrinae,
1105 576 1184 622 cum
1237 557 1400 628 titumet
1420 558 1599 628 decretum
1633 571 1704 642 est,
1736 572 1777 628 ut
1805 551 1982 646 generale,
2015 557 2166 626 liberum
2192 569 2229 628 et

195 697 317 748 “¹⁰10
338 667 520 742 P⁰¹¹lffi⁰l⁸
535 662 570 759 ⁷)
593 678 795 745 accufflurs
827 673 867 731 ut
888 657 1052 728 Pontifex
1075 669 1109 726 et
1133 653 1188 724 sui
1238 652 1471 729 christianum
1494 659 1686 729 concilium
1708 660 1748 728 in
1768 656 1960 748 Germania
1981 659 2228 743 celebraretur,

198 773 428 850 &hamum
443 768 516 839 ‘llll
534 767 678 836 ludices·
1239 761 1335 831 etde
1355 760 1413 851 pia
1437 760 1685 832 conciliatione
1703 774 1882 850 ageretur,
1905 759 1935 827 si
1954 757 2122 831 Romano
2137 783 2231 851 pon.

298 872 378 947 Εῑδί
393 885 509 942 autem
525 865 617 940 hanc
628 890 746 936 veram
758 878 793 935 el
810 862 1030 933 manifestam
1046 870 1190 926 senlen-
1238 861 1324 931 tilici
1342 862 1619 954 permittendum
1637 878 1742 947 esset,
1768 876 1807 933 ut
1821 862 1860 930 in
1876 861 2127 931 controversiis
2149 883 2231 950 gra·

197 982 286 1055 tiam
302 977 341 1045 in
356 974 506 1062 scripto,
531 971 639 1040 misso
654 971 698 1043 ad
714 965 755 1036 C.
772 964 824 1034 M.
840 963 1023 1044 Vestram,
1045 958 1189 1026 eludere
1240 962 1413 1047 vissimis,
1446 964 1490 1033 ad
1512 964 1661 1053 gloriam
1685 967 1735 1034 et‘
1749 965 1794 1032 ad
1818 987 1937 1032 veram
1968 962 2232 1032 invocationem

197 1095 369 1161 malm,
393 1070 461 1144 h⁰⁰
478 1086 676 1164 praelum,
702 1067 802 1162 quasi
824 1067 862 1135 in
884 1059 940 1133 hb
955 1059 1086 1132 flustris
1103 1082 1191 1128 ⁰011-
1240 1061 1309 1135 Dei
1328 1077 1362 1136 et
1382 1065 1429 1135 ad
1455 1065 1605 1136 salutem
1627 1065 1827 1136 animarum
1858 1064 2119 1155 pertinentibus
2143 1062 2229 1134 adeo

198 1180 382 1257 troversiis
399 1199 473 1246 non
488 1175 536 1245 sit
545 1195 635 1265 opus
650 1193 741 1240 nova
759 1162 1035 1258 cognitioue‘sed
1051 1174 1191 1240 tantum
1239 1166 1454 1259 partialiter,
1480 1168 1554 1236 imo
1575 1167 1725 1250 iniuste,
1749 1166 1962 1236 reclamante
1978 1162 2178 1254 Evangelio
2200 1177 2233 1236 et
2283 1181 2287 1186 ·

199 1280 456 1361 declaratione,
490 1276 553 1369 qui
582 1275 655 1345 sint
684 1295 740 1341 res
765 1270 938 1339 iudicatae
968 1263 1191 1356 superiorum
1241 1268 1423 1349 communi
1449 1263 1637 1339 hominum
1668 1289 1791 1354 sensu,
1824 1270 2047 1360 procederet,
2079 1267 2174 1338 sieut
2189 1266 2231 1338 in

200 1384 399 1459 seculorum
415 1377 588 1472 Synodis,
607 1376 646 1443 in
671 1373 800 1467 quibus
826 1372 964 1440 easdem
988 1363 1191 1446 sententias,
1242 1370 1372 1462 scripto
1388 1392 1453 1439 500
1467 1370 1642 1440 facturum
1658 1394 1694 1440 se
1710 1394 1782 1439 ,sse
1794 1369 1959 1439 ostendit·

200 1511 294 1584 quae
315 1482 544 1554 continentur
565 1479 604 1545 in
620 1474 838 1545 consessione
850 1482 969 1539 nostra
985 1468 1063 1537 vult
1078 1464 1192 1533 videri
1341 1469 1505 1565 Denique
1527 1472 1557 1539 ,i
1576 1468 1675 1546 Cae,
1692 1469 1745 1545 M·
1760 1468 1803 1544 V.
1828 1495 1929 1540 mens
1950 1469 2074 1541 fuisse,
2090 1470 2130 1540 in
2146 1495 2230 1540 con.

186 1569 386 1663 .damnatas
402 1605 492 1653 esse:
510 1594 626 1650 tamen
643 1573 730 1647 haec
747 1574 858 1643 elusio
873 1567 1113 1642 commentitia
1130 1577 1192 1638 est.
1242 1573 1408 1643 ventibus
1433 1586 1468 1642 et
1490 1572 1597 1657 alim,
1621 1587 1662 1644 u,
1684 1573 1764 1655 ml,u
1776 1573 1966 1643 concilium
1982 1572 2229 1657 celebraretur,

203 1692 276 1764 Sed
297 1700 417 1757 nostra
440 1681 651 1751 convincent
676 1702 776 1760 eum,
800 1698 858 1745 eos
874 1671 1042 1743 articulos
1057 1667 1190 1738 doctri·
1242 1662 1346 1768 φωρ
1368 1671 1728 1745 RomanusPontifex
1741 1687 1775 1745 e,
1789 1670 1958 1765 Episcopi
1977 1674 2039 1744 diu
2061 1673 2133 1744 iam
2156 1698 2231 1744 mo.

204 1817 272 1863 nae
299 1784 521 1881 pontificiae,
561 1804 651 1874 quos
679 1778 939 1869 improbamus,
972 1797 1046 1842 non
1077 1769 1193 1838 solum
1241 1775 1298 1846 lifi
1320 1789 1420 1860 sunt,
1452 1775 1491 1844 in
1519 1800 1591 1869 quo
1613 1800 1678 1845 n„
1701 1777 1745 1845 de
1768 1776 1929 1846 domina
1953 1799 2076 1845 mmm
2103 1799 2168 1844 nee
2191 1777 2232 1846 de

203 1895 310 1964 falsos
327 1912 418 1970 esse,
442 1886 502 1953 sed
520 1885 624 1952 etiam
640 1882 836 1969 discrepare
857 1902 877 1946 a
894 1875 1040 1945 vetustis
1061 1885 1095 1940 et
1111 1893 1192 1938 vera
1243 1877 1405 1948 moribus
1419 1876 1593 1947 iudicium
1607 1877 1723 1962 fieret,
1747 1871 1841 1945 nihil
1857 1900 1947 1969 opus
1963 1877 2086 1947 fuisse,
2105 1877 2232 1948 dim

204 1993 411 2066 auctoritate
433 1984 669 2075 comprobatis
694 1981 859 2074 Synodis.
910 1975 957 2047 Et
981 1974 1084 2045 multi
1109 1983 1194 2041 sunt
1243 2002 1376 2072 ponere
1389 1992 1424 2049 01
1438 1979 1541 2050 gotie,
1563 1972 1819 2071 repeteoehaec
1836 1981 1959 2049 verba:
1987 1978 2169 2075 generale,
2191 1978 2233 2046 sb

204 2093 345 2168 articuli
369 2092 408 2159 in
432 2099 552 2157 nostra
573 2083 792 2154 confessione
824 2079 939 2164 nullis,
955 2099 1112 2169 unquam
1136 2096 1194 2165 sy·
1243 2082 1369 2152 berum
1386 2093 1420 2150 et
1436 2074 1668 2151 christianum
1685 2080 1876 2150 concilium
1890 2081 1927 2148 in
1938 2078 2234 2174 Germania,qui·

204 2198 311 2269 nodis
336 2191 469 2282 agitati.
534 2183 674 2257 Deinde
702 2185 733 2253 si
762 2207 852 2277 quae
879 2193 1034 2252 recentes
1056 2172 1194 2269 Synodi
1244 2184 1311 2253 bu,
1332 2182 1451 2252 verbi,
1481 2205 1642 2274 expres„
1672 2181 1864 2251 discrimen
1893 2181 2112 2271 significatur
2143 2181 2236 2253 inm

204 2300 451 2392 proferrentur
474 2291 643 2358 adversus
666 2286 754 2374 alios
770 2282 955 2359 articulos,
981 2294 1099 2362 tamen
1121 2297 1194 2343 non
1245 2283 1485 2376 pontificium,
1500 2283 1664 2375 partiale,
1679 2284 1876 2353 obnoxium
1893 2297 1929 2355 et
1942 2283 2138 2374 obligatum
2152 2307 2235 2354 con·

205 2415 257 2473 est
275 2395 488 2475 inauditum,
510 2389 547 2457 in
563 2388 741 2482 aliquibus
757 2383 1062 2479 Synodisaliquos
1078 2379 1196 2466 lapsus
1246 2386 1388 2469 cilium,
1421 2408 1462 2453 ac
1482 2385 1653 2471 liberum,
1684 2384 1723 2454 in
1746 2409 1817 2479 quo
1843 2408 1926 2456 vera
1952 2383 2109 2476 cognitio
2136 2385 2236 2456 insti·

205 2501 392 2580 accidisse,
426 2508 499 2564 eta
523 2489 778 2581 posterioribus
807 2484 950 2579 synodis
981 2481 1195 2550 emendatos.
1246 2500 1415 2558 tueretur,
1870 2548 1876 2556 ¹

205 2603 369 2695 Denique
387 2606 658 2688 quantacunque
684 2603 735 2658 ‘⁸¹
749 2587 976 2681 Sy¹¹⁰d⁰f¹¹ffl
998 2578 1197 2661 ³U⁶¹⁰fll³⁸s
1346 2583 1426 2659 Etsi
1441 2600 1558 2658 autem
1566 2582 1751 2660 Romanus
1760 2585 1923 2659 Pontifex
1939 2587 2044 2658 etiarn
2060 2583 2149 2660 haec
2161 2613 2235 2658 ver·

207 2688 326 2778 famen
356 2701 460 2785 louge
488 2694 715 2762 anteferenda
746 2702 798 2759 est
824 2683 1011 2757 hominum
1051 2680 1197 2776 synodis
1247 2691 1293 2760 ba
1317 2688 1394 2758 aine
1416 2691 1490 2760 ulla
1515 2690 1745 2780 ambiguitate
1768 2679 1900 2780 posita,
1933 2690 2153 2760 calumniose
2176 2694 2235 2760 ὼ.

206 2805 394 2877 mauifesta
415 2813 556 2868 aeterua
584 2808 618 2864 et
640 2794 785 2861 immota
818 2788 979 2889 doctrina
1008 2786 1045 2852 in
1068 2805 1196 2851 arcano
1248 2791 1992 2884 l⁰rq11⁸linaliamsententiaminscripto
2007 2793 2051 2860 ad
2068 2789 2112 2863 C.
2130 2789 2235 2867 ΜΝ.

209 2906 361 2978 concilio
386 2898 520 2970 aeterni
540 2893 649 2987 patris
663 2893 729 2961 filii
752 2905 786 2961 et
801 2890 957 2981 Spiritus
975 2886 1009 2959 S.
1026 2887 1198 2953 immensa
1249 2893 1374 2976 misso,
1399 2907 1518 2963 tame„
1535 2916 1600 2962 nec
1614 2893 1809 2964 obscurius
1824 2893 1898 2962 uua
1917 2907 1970 2964 es,
1986 2892 2024 2962 in
2041 2893 2180 2979 verbis,
2195 2907 2236 2978 el,

207 3006 380 3100 ”pientia
403 3016 438 3071 ²²
458 2996 698 3089 misefifflrdla
722 2994 858 3063 decreta
881 3004 916 3061 ²²
938 3012 1001 3083 Per
1023 2987 1136 3055 fillum
1156 3008 1198 3052 ‘¹
1249 3019 1330 3076 cum
1345 3017 1435 3086 opus
1450 2996 1537 3076 erit,
1562 2991 1638 3063 Deo
1657 2995 1800 3065 iuvante
1814 2993 1861 3063 ita
1878 2995 2091 3064 refutabitur
2106 2995 2169 3064 illa
2182 3019 2236 3064 ca-

209 3113 290 3182 ⁸l¹¹¹¹
306 3103 439 3177 aelffini
456 3100 564 3192 ΡΜἱ8
579 3098 728 3191 ΡῑθῙὸῑθ·
1247 3095 1406 3180 villatio,
1429 3107 1470 3166 ut
1486 3119 1562 3165 earn
1584 3090 1725 3165 bonesti
1742 3108 1777 3164 et
1789 3119 1862 3164 nou
1878 3095 2042 3185 partiales
2060 3095 2157 3167 clare
2173 3096 2238 3166 im·

309 3206 401 3279 Cum
417 3204 527 3293 igitur
539 3200 624 3271 sciat
640 3196 680 3272 C.
695 3194 749 3270 M.
764 3193 828 3280 V.,
852 3215 975 3263 omnes
998 3189 1074 3281 pias
1097 3210 1200 3256 men-

210 3329 261 3386 tes
283 3323 357 3382 toto
380 3306 466 3376 orbe
488 3316 664 3373 terrarum
689 3297 839 3368 assiduis
863 3293 1052 3384 gemitibus
1067 3302 1199 3380 optare,

210 3428 252 3486 ut
269 3413 328 3505 pia
343 3423 378 3481 et
390 3406 554 3478 salutaris
569 3402 776 3484 concordia,
796 3395 943 3469 sublatis
960 3393 1138 3462 erroribus
1159 3389 1199 3458 iu

209 3514 368 3586 Ecclesia
389 3508 612 3586 restituatur,
649 3526 689 3571 ac
710 3512 789 3592 post
809 3497 925 3567 Deum
949 3493 1100 3562 maxima
1121 3512 1199 3583 spes

211 3617 258 3688 sit
281 3616 359 3707 piae
382 3605 658 3688 conciliationis,
683 3603 795 3693 posita
819 3599 857 3668 in
876 3595 976 3669 Caes.
994 3594 1045 3667 M.
1064 3592 1200 3677 Vestra,

212 3739 320 3814 quam
342 3738 424 3783 vero
449 3711 576 3779 timore
592 3705 660 3775 Dei
682 3702 816 3775 moveri
832 3710 1131 3789 omnessperant,
1153 3716 1199 3762 ue

213 3821 298 3889 velit
314 3812 470 3902 extingui
492 3813 606 3880 lucem
620 3805 795 3887 veritatis,
820 3824 980 3884 oramus,
1005 3822 1051 3866 ne
1074 3818 1200 3866 conce-

214 3924 274 3991 dat
297 3916 397 3988 Caes.
411 3912 464 3984 M.
480 3910 525 3986 V.
547 3907 712 3980 Romano
738 3902 902 3974 Pontifici
922 3916 958 3971 et
979 3899 1045 3990 ipsi
1069 3893 1202 3966 adhae-

214 4020 393 4101 rentibus,
423 4028 464 4084 ut
493 4013 570 4083 sine
596 4032 677 4079 vera
704 4004 905 4095 cognitione
927 4004 1137 4084 decernant,
1167 4010 1210 4067 et

136 4136 141 4143 “
216 4137 353 4197 tautum
375 4138 512 4187 errores
543 4108 817 4182 contumeliosos
836 4107 1003 4177 adversus
1026 4097 1143 4170 Deum
1168 4111 1201 4168 et

215 4226 383 4296 iniustam
399 4215 593 4309 potentiam
609 4209 799 4285 stabiliant.
851 4205 958 4295 Quod
974 4203 1004 4274 si
1018 4203 1093 4288 fiat,
1119 4225 1203 4293 pro-

216 4326 320 4418 spicit
336 4320 375 4395 C.
392 4317 445 4393 M.
462 4317 505 4388 V.
529 4339 595 4407 pro
617 4336 679 4384 sua
699 4309 883 4381 excellenti
896 4304 1068 4398 sapientia
1090 4303 1201 4375 inuti·

215 4431 287 4498 lem
302 4423 479 4518 synodum
498 4419 592 4501 fore,
619 4429 654 4486 et
674 4437 750 4483 nou
767 4411 989 4503 profuturam
1006 4408 1052 4475 ad
1066 4405 1204 4477 utilita-

214 4523 331 4616 tem‘)
356 4522 617 4593 restituendam.

318 4624 429 4696 Multi
446 4621 548 4691 etiam
563 4619 623 4710 pii,
639 4617 702 4708 qui
717 4611 886 4684 hactenus
902 4609 1077 4680 desiderio
1093 4621 1129 4677 et
1145 4630 1206 4675 ex-

216 4729 414 4827 pectatione
442 4725 520 4815 piae
552 4716 811 4790 conciliationis
843 4712 960 4784 studia
985 4705 1205 4780 vehementia

217 4833 371 4928 partium
387 4823 562 4895 moderati
577 4834 670 4903 sunt,
688 4814 849 4887 frustrati
866 4839 925 4905 spe
943 4814 981 4880 in
996 4835 1123 4900 magno
1141 4812 1206 4891 do„-

218 4939 294 5005 lore
311 4929 423 5002 futuri
438 4939 563 4998 essent.
614 4921 686 4992 Nec
702 4942 791 5010 opus
815 4917 936 5001 fuisset
959 4926 1010 4984 tot
1024 4912 1208 4991 conve—uti-

219 5040 307 5120 bus,
347 5030 555 5110 itineribus,
594 5022 777 5093 laboribus
796 5079 799 5087 .
818 5042 858 5088 ac
895 5014 1209 5086 deliberationibus

217 5234 443 5259 w..

253 5368 287 5436 7)
303 5359 439 5429 Pontifex
457 5353 646 5420 scribendum,
666 5361 711 5408 aut
723 5367 805 5406 error
822 5367 872 5421 pro
893 5365 996 5403 errore.

150 5527 153 5535 ,
256 5464 285 5533 8)
302 5457 467 5520 veritatem?

1249 3197 1435 3289 probaturi
1456 3196 1537 3269 sint.
1587 3195 1660 3266 Nec
1680 3197 1805 3266 urbem
1826 3195 2062 3281 Tridentum,
2095 3197 2162 3268 etsi
2187 3198 2238 3267 vel

1250 3296 1443 3369 Germania
1463 3299 1520 3366 vel
1543 3294 1645 3368 ltalia
1676 3298 1809 3368 censeri
1829 3312 1961 3389 potest,
1992 3299 2112 3370 locum
2136 3300 2239 3371 talem

1249 3400 1363 3469 videri
1382 3400 1550 3469 idoneum
1567 3396 1747 3486 Concilio,
1773 3401 1913 3494 qualem
1928 3401 2068 3471 decreta
2084 3424 2238 3472 conven-

1249 3515 1349 3573 tuum
1367 3500 1572 3594 requiruut,
1593 3524 1818 3594 exponemus.
2135 3544 2143 3555 ·

1349 3599 1541 3694 Postquam
1564 3603 1672 3692 igitur
1693 3628 1734 3672 ex
1761 3604 1900 3672 decreto
1924 3599 1964 3672 C.
1977 3601 2031 3676 M.
2050 3601 2096 3678 V.
2117 3615 2152 3674 et
2171 3616 2241 3674 sta-

1250 3720 1352 3776 tuum
1370 3701 1515 3794 Imperii
1531 3727 1634 3796 saepe
1646 3728 1723 3794 spes
1739 3704 1843 3773 nobis
1857 3705 1947 3774 facta
1964 3718 2033 3790 est,
2057 3706 2241 3794 generalis,

1250 3807 1382 3875 liberae
1401 3799 1585 3874 christiani
1597 3805 1737 3875 concilii
1751 3805 1788 3873 in
1806 3803 2018 3885 Germania,
2045 3818 2080 3877 et
2097 3829 2164 3875 nos
2180 3831 2241 3877 au-

1250 3907 1335 3991 xilia
1350 3908 1517 3976 adversus
1532 3905 1724 3976 'l'urcicum
1742 3903 1954 4001 Tyrannum
1970 3920 2003 3976 et
2021 3907 2061 3976 in
2083 3908 2242 3979 aliisue·

1251 4007 1356 4099 gotiis
1369 4008 1576 4078 obedienter
1590 4008 1771 4093 misimus,
1794 4022 1827 4080 et
1843 4009 1951 4079 altera
1967 4008 2101 4079 auxilia
2118 4011 2244 4081 adver-

1252 4133 1311 4201 sus
1332 4106 1579 4204 Tyrannicum
1600 4107 1725 4201 Spirae
1748 4111 1919 4202 promissa
1942 4110 2097 4180 fideliter
2118 4111 2244 4182 missu·

1252 4234 1312 4282 ros
1332 4233 1398 4279 nos
1414 4212 1640 4303 pollicemur;
1662 4236 1814 4304 cumque
1831 4210 2044 4282 nulla'iusta
2060 4236 2168 4283 causa
2191 4213 2244 4296 sit,

1253 4337 1317 4384 cur
1332 4326 1477 4404 propter
1486 4311 1663 4383 Pontificii
1680 4313 1838 4406 partialis
1851 4313 1995 4383 concilii
2012 4313 2244 4384 indictionem

1254 4439 1276 4485 a
1297 4414 1504 4506 conscriptis
1527 4428 1766 4485 conventuum
1794 4416 2012 4485 recedamus:
2047 4415 2146 4486 bona
2167 4438 2244 4487 cusu

1255 4539 1315 4607 spe
1338 4530 1467 4585 etcum
1491 4516 1609 4584 debita
1631 4517 1827 4586 reverentia
1840 4513 1940 4591 Caes.
1955 4512 2007 4588 M.
2026 4514 2070 4586 V.
2092 4539 2246 4600 oramus,

1256 4640 1301 4687 ue
1314 4613 1479 4687 Romano
1488 4613 1654 4687 Pontifici
1671 4613 1756 4687 haec
1772 4618 1923 4689 absurda
1939 4631 1972 4687 et
1985 4617 2132 4712 iniqua,
2158 4642 2244 4713 quar

1255 4709 1420 4801 molitur,
1455 4718 1619 4811 perficere
1657 4718 1853 4811 permittat,
1892 4720 1953 4788 sed
1983 4733 2025 4789 ut
2057 4720 2246 4790 clementer

1256 4833 1396 4891 tueatur
1415 4821 1552 4890 decreta
1571 4821 1610 4888 in
1623 4821 1856 4892 conventibus
1873 4818 2018 4912 Imperii
2033 4822 2078 4891 de
2096 4822 2245 4893 concilio

1257 4923 1367 5006 facta,
1392 4934 1426 4990 et
1438 4936 1476 4992 ut
1494 4946 1552 5006 ea,
1577 4931 1667 5015 quae
1683 4946 1798 5013 nuper
1813 4922 1937 5015 Spirae
1959 4924 2002 4991 de
2015 4923 2174 4994 concilio
2189 4925 2246 4994 ds·

1261 5036 1355 5093 creta
1384 5036 1487 5107 sunt,
1519 5047 1593 5092 non
1624 5023 1845 5094 omittantur.
1902 5022 1993 5094 Nam
2020 5023 2049 5094 si
2082 5021 2247 5096 Romano

1260 5121 1425 5194 Pontifici
1453 5126 1721 5205 concederetur,
1766 5126 1840 5194 suis
1873 5125 2084 5216 partialibus
2118 5126 2250 5222 iniquit

1261 5220 1483 5315 processibus
1503 5227 1740 5295 condemnare
1760 5239 1932 5297 totstatus
1946 5241 1978 5297 et
1996 5239 2046 5295 tot
2060 5229 2248 5318 regionum

1261 5321 1441 5411 homines,
1466 5340 1500 5396 et
1522 5339 1630 5398 totam
1644 5327 1880 5418 germanicam
1895 5328 2077 5399 nationem
2097 5329 2252 5402 externis

1233 5428 1239 5490 Ι
1261 5428 1362 5500 malis
1376 5427 1577 5520 implicare,
1595 5441 1629 5500 et
1643 5429 1776 5501 excidia
1794 5442 1829 5501 et
1841 5430 2055 5502 vastationes
2071 5431 2252 5507 civitatum
