4868 6420
194 359 271 444 515

195 534 264 612 ns.
282 536 394 610 son.
416 494 425 508 “

204 634 377 677 m

696 467 703 478 κ
766 365 1199 446 amsronenun

1018 643 1190 675 Μ

517 722 622 807 Eut.
651 722 868 817 Musctelo.

269 881 346 937 Edita
362 883 479 953 primum
499 884 527 939 in
544 885 583 941 lo.
597 886 651 943 lae.
664 889 785 961 Grynaei
800 887 897 943 Theol.
912 886 1093 944 Theoreinata
1105 893 1194 963 probl.

222 983 229 993 ·
300 953 376 1007 Part·
388 953 422 1006 ll.
437 971 464 1023 p.
480 956 537 1010 110.
574 955 674 1011 Eodem
690 958 788 1029 legitur
800 958 937 1028 descripta
952 959 980 1011 in
992 961 1053 1015 eod.
1067 959 1151 1016 Gotb.
1165 962 1194 1015 iu

300 1020 351 1076 tot.
373 1040 421 1075 uo.
439 1024 499 1077 tot.
518 1042 545 1095 p.
559 1023 621 1079 ³76.
659 1026 741 1081 Nunc
759 1047 817 1082 eam
832 1029 957 1082 dedimus
977 1047 1008 1081 er
1025 1031 1193 1100 autographo

298 1089 370 1214 pilel.
382 1090 565 1214 1αἰὶιιιςῑτὶΜὶοώ.
585 1094 659 1149 urbis
674 1095 826 1167 Zolingen,
846 1096 1009 1169 descriptam
1025 1099 1105 1152 uobis
1121 1119 1137 1152 a
1151 1098 1194 1156 Pl.

324 1178 369 1218 ev.
405 1164 428 1213 ri
448 1172 518 1215 arto.

198 1295 430 1397 Clarissimo>
443 1299 539 1384 viro,
564 1299 766 1376 eruditione
781 1314 813 1375 et
829 1305 958 1376 virtute
971 1309 1194 1403 praestanti,

196 1404 253 1483 D.
269 1398 510 1501 Eutychio
527 1402 690 1478 Mosco
702 1407 764 1490 lo,
783 1403 927 1478 docenti
939 1406 1193 1504 Evangelium

194 1507 254 1607 pie
268 1518 300 1578 et
303 1501 671 1602 fideliterAugustae
684 1508 728 1582 V
723 1508 975 1597 indelicorum,
990 1511 1194 1602 amicosuo,

173 1673 176 1679 '
195 1637 241 1728 S
260 1654 310 1732 D.
363 1655 526 1748 Agnosco
546 1660 709 1751 pietatem
726 1675 845 1746 tuam,
871 1663 989 1757 cariss.
1010 1659 1193 1748 Muscole,

196 1751 295 1856 qnod
328 1760 518 1832 instaurari
550 1763 685 1832 bellum
719 1760 802 1858 περὶ
829 1759 984 1837 δείπνου
1010 1771 1193 1860 κυριακοῦ

196 1864 308 1935 doles.
363 1860 416 1931 Ac
438 1866 594 1954 profecto
618 1866 815 1935 dolendum
838 1879 910 1950 est,
936 1881 1057 1936 nostra
1080 1883 1192 1938 aetate

197 1966 343 2036 invitari
358 1966 518 2034 ecclesias
534 1967 661 2056 magis,
686 1982 728 2038 ut
738 1965 919 2037 Homerici
934 1971 1120 2041 bellatores
1135 1971 1193 2038 di-

197 2082 300 2138 cunt:
325 2070 399 2138 νῦν
420 2062 458 2138 ‹t'
485 2066 630 2162 ἔρχεσθ’
660 2065 718 2139 s'ni
744 2064 913 2156 δεῖπνον,
938 2069 1002 2143 ἵνα
1024 2065 1192 2170 ξυνάγω-

194 2194 266 2264 μεν
288 2165 446 2262 ἄρηα’),
472 2195 598 2262 quam,
623 2185 662 2240 ut
680 2166 934 2269 Christuslnos
955 2174 1103 2258 invitat,
1129 2175 1192 2268 qui

195 2271 236 2342 in
255 2266 325 2341 hoc
346 2270 418 2340 ritu
440 2272 565 2342 foedus
584 2274 661 2342 vult
682 2274 759 2343 fieri
782 2299 884 2343 verae
907 2289 941 2345 et
964 2299 1039 2343 uon
1055 2277 1191 2347 t'ucatae

193 2370 514 2469 benivolentiae²).
566 2374 637 2445 Sed
662 2379 817 2446 mundus
838 2377 969 2468 impius
984 2399 1116 2468 poenas
1133 2381 1192 2448 dat

193 2475 485 2575 profanationum
515 2478 708 2568 superioris
738 2479 877 2563 aetatis,
912 2503 1001 2572 quas
1026 2494 1066 2551 ut
1097 2480 1192 2553 lilius

192 2576 284 2664 Dei,
307 2576 486 2650 Dominus
496 2593 616 2649 noster
633 2578 729 2649 lesus
737 2576 918 2665 Christus,
937 2581 1095 2670 mitiget,
1111 2607 1191 2651 ore-

194 2705 286 2752 mus.
338 2677 505 2773 Optacim
528 2677 616 2762 τούς
632 2676 848 2775 Ἕλβετίους
876 2706 951 2751 non
978 2687 1191 2773 respondere

191 2784 357 2880 proximo
371 2778 535 2854 Lutheri
547 2785 696 2875 scripto,
712 2809 777 2854 nec
791 2787 921 2855 addere
935 2788 1011 2879 πῦρ
1029 2781 1087 2856 ἐπὶ
1102 2790 1191 2880 πῦρ,

193 2887 400 2979 praesertim
421 2912 500 2955 cum
524 2887 631 2957 instet
654 2901 868 2972 conventus,
894 2888 933 2955 in
948 2912 1020 2980 quo
1042 2912 1192 2957 concor-

194 2990 254 3060 dia
274 2987 381 3058 nobis
402 2989 568 3057 omnibus
589 3012 679 3079 opus
702 2988 787 3073 erit,
817 2971 883 3082 ipui
907 2989 1097 3080 puritatem
1124 2993 1190 3060 do-

194 3091 330 3163 ctrinae
345 3113 462 3159 amare
482 3113 547 3158 nos
563 3085 735 3160 hactenus
752 3092 900 3181 professi
916 3114 1048 3165 snmus.
1089 3087 1190 3160 Nihil

193 3192 478 3284 intempestivius
502 3207 571 3278 est,
604 3216 831 3287 quamsnunc
854 3195 1044 3264 accendere
1067 3195 1191 3263 dome-

192 3294 280 3366 stica
299 3293 500 3363 certamina.

235 3454 239 3464 .
297 3391 327 3466 I
324 3392 450 3464 renoei
460 3394 790 3485 interpretationem
805 3394 988 3464 absolvere
1007 3410 1040 3466 te
1055 3397 1190 3480 malim,

191 3522 300 3595 quam
316 3523 397 3568 cum
414 3497 646 3566 insulsissimo
664 3492 878 3590 sycophanta
892 3485 1051 3566 Cochleo
1070 3498 1189 3582 rixari,

191 3601 399 3696 praesertim
415 3625 495 3669 cum
510 3600 589 3668 talis
605 3598 648 3668 sit
666 3593 789 3683 hostis,
813 3611 854 3668 ut
868 3593 996 3693 vere³)
1012 3600 1103 3669 illud
1112 3599 1189 3669 llo-

192 3705 364 3774 mericum
380 3706 423 3772 de
441 3727 482 3772 eo
500 3701 572 3771 dici
586 3701 715 3792 possit:

243 3813 369 3901 Κωφὸν
383 3814 444 3901 γὰρ
461 3814 553 3896 βέλος
567 3811 685 3897 ἀνδρὸς
700 3808 868 3888 ἀνάλκιδος
879 3809 1058 3878 osiridorot‘o
1066 3813 1104 3893 ⁴).

293 3919 442 3992 Utinam
475 3921 599 3991 liceret
630 3934 745 3990 tecum
775 3930 810 3987 et
837 3943 917 3987 cum
950 3916 994 3992 D.
1019 3915 1187 4011 Geryone

190 4023 360 4116 colloqui.
412 4020 482 4092 Sed
499 4023 601 4091 illum
616 4022 773 4091 fortassis
788 4021 828 4089 in
847 4034 1025 4090 conventu
1045 4019 1187 4092 videbo.

189 4122 291 4194 Bene
314 4125 392 4194 vale
417 4137 453 4194 et
477 4125 519 4192 de
545 4123 722 4194 conventu
745 4122 923 4215 quidquid
948 4120 1069 4192 artdies
1089 4117 1189 4203 ἄξιο-

188 4216 451 4321 μνημονευτόν
467 4226 635 4315 significa.
687 4222 756 4296 Die
776 4222 993 4309 10.Novbr.,
1019 4248 1089 4316 quo
1106 4238 1187 4293 ante

188 4353 306 4400 annos
329 4344 473 4398 centum
493 4331 535 4397 ad
555 4327 709 4396 Varnam
728 4327 923 4397 trucidatus
941 4339 992 4396 est
1006 4349 1066 4393 rex
1086 4320 1131 4395 V
1127 4320 1188 4395 la-

190 4425 342 4502 dislous
355 4432 401 4501 ab
416 4431 570 4502 exercitu
585 4423 782 4498 Amuratis
797 4422 844 4520 ⁸).

704 4526 893 4621 Philippus
912 4522 1138 4598 Melanthon.

223 4795 252 4860 1)
273 4790 394 4862 Margini
414 4791 571 4862 autographi
595 4788 729 4860 adscripta
744 4801 806 4844 sunt
826 4788 926 4857 (aliens
940 4788 1010 4842 baud
1025 4788 1110 4841 dubio
1125 4807 1187 4842 ma·

257 4863 326 4928 nul:
363 4879 463 4929 „nuuc
485 4861 576 4915 venite
594 4861 626 4912 ad
646 4878 775 4927 coenam,
803 4869 832 4912 ut
856 4857 1035 4911 conciliemus
1057 4858 1188 4928 Martem,

256 4931 323 4999 vel,
346 4931 420 5002 quod
446 4928 530 4999 magis
551 4929 652 4998 placet,
678 4939 708 4981 ut
726 4927 890 4997 colligamus
910 4925 1027 4981 bellum.
1063 4926 1139 4982 lliad.
1159 4927 1186 4980 2.

257 5000 328 5055 Sunt
341 5000 423 5055 verba
439 4997 650 5069 Agamemnonis
663 4997 696 5051 ad
713 4996 865 5052 Nestorem.
876 4997 895 5023 ’⁹

220 5087 250 5154 2)
268 5086 316 5141 Sic
330 5083 414 5138 edidit
426 5083 569 5166 Gryuaeus
584 5084 663 5138 etsie
677 5084 758 5139 etiem
774 5081 873 5204 legitur
887 5082 915 5135 iu
928 5081 992 5165 cod.
1011 5080 1094 5138 Goth.
1131 5081 1186 5137 Sed

255 5151 710 5278 ptgppagppolgggtgriggnoovotionb
730 5172 781 5228 pro
819 5155 1025 5219 eneuotenttoe,
1045 5150 1120 5223 quod
1140 5170 1185 5206 er·

219 5309 250 5380 8)
271 5306 360 5379 Gryn.
371 5306 448 5375 sere.

217 5396 247 5465 t)
259 5394 277 5450 i.
284 5411 308 5448 e.
319 5390 442 5446 iuelbcax
463 5400 504 5444 est
517 5389 637 5446 iaculum
652 5388 705 5448 viri
715 5386 844 5446 imbellis.
865 5389 975 5444 llomer.
984 5388 1060 5445 Iliad.
1068 5388 1183 5459 xt,t9o.

218 5483 250 5551 5)
269 5479 359 5603 ἧφι.
373 5477 452 5534 addit
469 5495 572 5533 anuum
588 5476 680 5545 tots,
694 5475 742 5548 qui
756 5494 821 5531 vero
841 5474 870 5531 in
883 5475 1053 5550 autographo
1066 5497 1122 5534 nou
1143 5476 1183 5534 le·

254 5569 280 5622 ⁸¹
294 5568 338 5604 Ψ·
713 5579 716 5586 “

1258 364 1367 447 LlB.
1401 368 1466 446 lx.
1509 368 1655 447 Ι1644.

1046 547 1195 617 10.N0v.
1219 553 1223 610 l
1247 541 1315 615 N0.
1332 542 1443 615 5072.

1254 637 1426 667 m

1598 747 1667 832 Α..
1685 749 1891 833 Mortino.

1292 905 1300 912 ’
1346 906 1425 978 †Ex
1443 926 1536 981 apogr.
1554 909 1582 961 in
1601 908 1663 964 cod.
1685 908 1771 966 Paris.
1788 912 1824 966 D.
1845 911 1876 977 L.
1896 908 1956 965 54³.
2011 893 2013 897 ‚

1245 1061 1416 1160 Egregia
1438 1061 1641 1144 eruditione
1661 1075 1693 1137 et
1718 1065 1848 1138 uirtute
1863 1064 2052 1165 praedito,
2079 1065 2134 1145 D.
2148 1067 2243 1142 An-

1246 1164 1382 1237 dreae
1409 1163 1467 1236 M
1471 1165 1676 1264 artino¹)
1699 1167 1738 1237 in
1763 1167 1857 1239 aulo
1886 1167 2061 1242 Illustris
2082 1167 2245 1244 Domini

1307 1267 1466 1339 Ernesti
1477 1266 1647 1340 Boronis
1664 1297 1688 1341 a
1702 1268 1853 1366 Kroig,
1880 1287 1945 1344 etc.
1972 1272 2091 1345 amico
2106 1299 2184 1345 suo.
2230 1297 2233 1306 ·

1245 1383 1290 1473 S·
1317 1401 1362 1476 Ι).
1414 1403 1659 1476 Honorificam
1687 1408 1740 1478 tui
1764 1408 1983 1479 mentionem
2007 1408 2091 1480 lecit
2112 1407 2179 1480 Vir
2198 1411 2244 1479 il-

1245 1501 1387 1591 lustris,
1402 1507 1569 1578 dominus
1587 1522 1686 1589 tuus,
1708 1510 1746 1581 in
1765 1510 1896 1597 literis,
1917 1537 2004 1605 quas
2020 1514 2064 1582 ad
2079 1536 2137 1582 me
2154 1512 2245 1584 scri·

1245 1607 1324 1697 psit.
1363 1607 1443 1695 Qua
1462 1633 1502 1676 ex
1518 1633 1556 1677 re
1575 1634 1740 1701 magnam
1758 1613 1859 1702 capio
1876 1614 2108 1705 voluptatem.
2149 1613 2243 1686 Nam

1245 1708 1329 1798 ipsis
1345 1710 1456 1779 literis
1475 1726 1508 1782 et
1532 1726 1672 1782 nostrae
1689 1709 1887 1797 Ecclesiae,
1912 1740 2003 1809 quae
2018 1729 2070 1784 est
2083 1710 2242 1802 Ecclesia

1244 1808 1313 1879 Dei
1336 1824 1370 1880 et
1391 1812 1529 1880 domini
1552 1815 1666 1884 nostri
1683 1811 1764 1885 lesu
1780 1811 1935 1902 Christi,
1961 1812 2151 1888 honestum
2180 1830 2243 1904 est,

1245 1926 1384 1981 nostros
1399 1914 1578 1983 auditores
1595 1917 1685 1985 bene
1701 1933 1857 1993 moratos
1878 1942 1962 1987 esse.
2012 1916 2104 1989 Cum
2120 1933 2240 1993 autem

1244 2017 1338 2105 apud
1363 2038 1427 2083 nos
1451 2011 1599 2085 honeste
1624 2019 1772 2103 vixeris,
1811 2033 1845 2088 et
1873 2020 2090 2112 optimarum
2109 2019 2262 2107 artium,

1245 2116 1406 2186 doctrina
1424 2119 1600 2207 praeclare
1616 2120 1773 2189 excultus
1788 2119 1846 2207 sis,
1862 2122 1934 2190 scio
1952 2121 2018 2190 tibi
2034 2145 2109 2192 non
2124 2124 2242 2192 deesse

1244 2218 1416 2288 iudicium
1432 2221 1488 2288 vel
1505 2222 1549 2288 de
1567 2221 1728 2294 moribus
1747 2222 1817 2291 tuis
1831 2222 2005 2312 regendis,
2020 2224 2078 2292 vel
2096 2224 2138 2293 de
2154 2225 2242 2294 ado-

1243 2320 1456 2405 lescentum,
1487 2345 1576 2414 quos
1600 2324 1722 2409 doces,
1748 2324 1984 2418 institutione.
2037 2323 2135 2411 Illud
2160 2339 2242 2397 tan-

1244 2437 1320 2492 tum
1342 2422 1427 2491 duxi
1449 2422 1722 2494 adscribendum
1747 2450 1820 2496 esse
1844 2440 1947 2521 teque
1965 2439 2000 2499 et
2014 2430 2240 2498 monendum

1243 2538 1278 2593 et
1302 2526 1499 2606 orandum,
1534 2527 1637 2596 utin
1667 2529 1828 2597 docendo
1860 2529 2081 2599 iracundiam
2113 2530 2243 2602 frenas.

1242 2625 1377 2696 Melius
1402 2640 1452 2697 est
1475 2627 1582 2698 etiam
1603 2653 1746 2720 peccare
1761 2629 1919 2703 lenitate.
1971 2628 2124 2701 Gratum
2149 2626 2243 2701 mihi

1241 2728 1367 2811 iacies,
1400 2729 1429 2795 si
1453 2730 1496 2798 de
1518 2743 1577 2799 tua
1603 2727 1723 2801 schola
1748 2725 1839 2799 mihi
1863 2730 2011 2812 scribes,
2040 2734 2141 2802 etde
2166 2747 2241 2809 toto

1241 2829 1392 2899 consilio
1423 2830 1659 2901 institutionis
1688 2833 1764 2902 eius
1796 2833 2015 2917 iuventutis,
2056 2858 2146 2928 quae
2172 2833 2241 2905 tibi

1242 2933 1488 3002 commendata
1506 2948 1568 3006 est.
1611 2931 1709 3003 Bene
1724 2936 1813 3010 vale.
1856 2934 1977 3005 Pridie
1995 2936 2075 3006 festi
2091 2931 2128 3011 5.
2138 2935 2241 3007 Mar-

1242 3034 1328 3118 tini,
1354 3059 1425 3127 quo
1442 3049 1524 3105 ante
1542 3059 1655 3104 annos
1670 3051 1813 3107 centum
1829 3061 1958 3127 magno
1974 3039 2110 3127 proelio
2126 3039 2240 3110 victus

1242 3139 1353 3206 estad
1368 3134 1523 3208 Varnam
1541 3139 1711 3208 exercitus
1726 3137 1952 3228 Hungaricus
1963 3135 1998 3236 ²)
2015 3138 2143 3210 amisso
2160 3163 2241 3231 rege

1241 3235 1435 3310 Vladislao.
1488 3237 1634 3308 Utinam
1651 3237 1749 3310 Deus
1765 3264 1861 3310 nunc
1883 3255 2079 3331 grassantes
2103 3240 2242 3312 Turcos

1241 3340 1422 3430 reprimat.
1482 3336 1675 3410 Pecuniam
1703 3342 1888 3413 inventam
1912 3344 2008 3423 inter
2030 3367 2148 3415 caseos
2174 3368 2241 3412 uo-

1240 3456 1331 3512 stros
1345 3442 1428 3511 dedi
1450 3433 1622 3540 Cosporo
1645 3437 1871 3516 Gaudentio.

1716 3572 1906 3669 Philippus
1932 3573 2158 3649 Melanthon.

1246 3815 1582 3827 ...ι--α--ι--ι--φ
1588 3815 1970 3825 --—·-—----———--—-
1978 3814 2241 3828 ——-—·-—-

1240 3960 1432 4032 Nooota.

1242 4057 1454 4088 Μ

2068 3975 2128 4037 ts.
2146 3965 2226 4030 Nor.

2058 4057 2231 4096 W

1627 4159 1857 4249 Schonero.

1309 4332 1329 4399 †
1349 4329 1386 4382 Ex
1407 4327 1563 4401 apographo
1578 4327 1605 4381 in
1619 4327 1681 4381 cod.
1695 4325 1808 4381 Monac.
1821 4326 1864 4381 88.
1882 4345 1929 4382 no.
1945 4326 1994 4381 tt.
2011 4346 2039 4401 p.
2053 4327 2140 4385 teth.

1617 4477 1864 4553 Schonero.

1228 4601 1281 4692 'S-
1307 4620 1354 4696 D.
1404 4619 1480 4690 Deo
1498 4619 1627 4713 gratias
1643 4642 1728 4710 ago,
1756 4622 1851 4714 quod
1874 4645 1948 4690 non
1970 4622 2056 4695 sinit
2079 4626 2239 4717 extingui

1235 4721 1405 4796 honestas
1426 4738 1517 4793 artes
1540 4722 1632 4793 vitae
1656 4723 1867 4792 necessarias
1892 4724 1935 4792 de
1951 4727 2108 4798 motibus
2123 4729 2240 4805 coele,-

1239 4828 1372 4910 stibus,
1399 4829 1459 4895 sed
1486 4848 1543 4894 eas
1565 4848 1662 4893 nunc
1679 4825 1822 4917 quidem
1844 4838 1904 4894 tua
1922 4839 1956 4896 et
1971 4852 2164 4918 paucorum
2182 4831 2240 4902 di-

1238 4929 1382 5020 ligentia
1399 4941 1433 4998 et
1447 4928 1516 4996 lide
1534 4939 1667 5009 servat,
1694 4941 1728 4996 et
1742 4927 1808 4997 tibi
1825 4929 1953 4997 debere
1980 4934 2238 5021 rempublicam
2271 5017 2276 5026 Ι

1237 5031 1490 5123 gratitudinem
1518 5029 1707 5120 profiteor,
1740 5053 1847 5122 quam
1880 5030 2025 5121 quidem
2049 5034 2239 5128 principes,

1237 5149 1273 5206 et
1293 5136 1545 5225 gubernatores
1574 5131 1752 5201 declarare
1783 5131 1911 5222 amplis
1943 5137 2152 5211 muneribus
2179 5138 2239 5208 iu-

1271 5454 1297 5519 t)
1314 5450 1339 5503 ι,
1351 5418 1447 5521 'poen
1461 5418 1600 5501 nossent
1614 5443 1688 5500 nne
1725 5446 1789 5502 vn.
1802 5465 1843 5520 sp.
1858 5447 1885 5503 a.
1898 5447 1927 5503 a.
1944 5451 1986 5505 ss.
2002 5449 2074 5509 nov.
2092 5452 2168 5509 nn.

1269 5540 1298 5606 2)
1319 5532 1574 5591 d.10.Nov.anuo
1590 5529 1668 5589 1444.
1739 5547 1745 5557 ·
