4868 6420
196 296 276 386 eta
768 300 1207 388 nn‘ts'rotanun
1263 300 1374 386 mn
1408 313 1473 393 rx.
1528 288 1659 392 sdes.
2166 304 2241 396 ist

198 495 455 582 qnant'cedttr'm
468 494 523 556 'est
540 485 606 556 it'e'r
620 484 718 570 solis,
744 497 815 555 tam
831 498 926 558 certo
944 485 1193 556 existimabant
1249 487 1386 578 ingenti
1406 476 1533 558 dolote
1553 487 1699 560 dissidia
1724 481 1942 563 Germanica
1959 472 2170 586 spectamus,
2204 495 2243 564 in'

196 593 317 659 decem
334 591 448 660 tribus
464 585 582 670 lsrael,
604 589 692 658 sein
709 589 928 679 possessione
943 590 1077 680 patriae
1093 612 1194 658 man·
1248 590 1379 683 quibus
1407 593 1452 660 ad
1476 596 1610 663 caetera
1631 593 1723 663 mala
1748 604 1781 664 et
1804 588 1871 665 lioc
1894 596 2046 681 accedit,
2072 596 2131 682 u't,
2157 582 2243 667 duiii

196 690 298 763 sttras
315 715 397 765 esse.
449 687 539 761 Erat
554 691 649 760 enim
671 691 771 775 edita
784 692 989 782 promissio,
1017 704 1050 760 et
1070 691 1193 768 certis-
1248 694 1440 762 adversarii
1471 719 1574 779 verae
1608 695 1789 769 doctrinae
1816 699 2012 769 multotum
2042 697 2244 771 voluntates·

196 795 297 865 simis
321 793 532 864 testimoniis
556 791 666 864 aDeo
684 794 879 882 obsignata.
930 791 1007 864 Hae
1021 808 1138 864 tamen
1154 805 1196 862 ut
1247 795 1422 880 alienant,
1450 798 1556 866 etiam
1591 801 1709 868 minus
1739 801 1862 868 ornari
1891 826 1973 870 vera
1995 797 2172 886 Ecclesia,
2208 815 2245 870 et

197 896 368 982 Troiani,
401 910 443 967 ut
466 895 613 981 Heneti,
647 909 687 966 ut
710 894 857 965 Paeonii
888 909 1025 966 veteres
1048 908 1081 965 ct
1105 893 1194 964 aliae
1247 899 1347 967 nervi
1366 897 1574 989 disciplinae
1592 901 1710 969 minus
1732 902 1903 992 adstringi
1928 908 2091 994 possunt,
2117 927 2242 996 apau-

152 1033 155 1037 ·
196 999 476 1070 innumerabiles
491 1013 611 1088 gentes
634 1021 761 1088 magna
775 1022 817 1067 ex
837 1012 935 1090 parte
952 1006 1036 1069 tunc
1059 996 1193 1067 deletae
1246 999 1401 1069 cioribus
1424 1001 1482 1092 pia
1500 1003 1619 1072 studia
1634 1004 1819 1087 coluntur,
1851 1006 1955 1075 multi
1971 1001 2242 1099 ἐπιχαιρέκακοι

196 1114 299 1186 scint,
326 1114 407 1170 cu'm
430 1104 591 1170 nondum
611 1101 762 1171 venisset
785 1102 979 1192 promissus
994 1098 1197 1184 Liberator,
1245 1102 1425 1173 licentiam
1444 1101 1619 1175 infinitam
1637 1108 1837 1175 concedunt
1851 1108 2167 1198 impudentissimis
2182 1131 2241 1201 sy·-

195 1219 231 1276 et
253 1203 415 1296 reliquiis
444 1203 620 1292 dissipatis
646 1203 765 1272 coloni
789 1206 827 1270 in
858 1227 977 1272 earum
1000 1202 1193 1294 possessio·
1245 1199 1431 1295 cophantis
1462 1219 1497 1275 et
1523 1206 1653 1275 scurris
1679 1209 1885 1277 cumulandi
1911 1205 2154 1301 blasphemias
2176 1212 2240 1278 ad-

195 1322 278 1375 nem
294 1330 335 1374 cx
351 1306 428 1374 aliis
445 1306 607 1395 gentibus
624 1304 766 1375 deducti
782 1319 875 1379 sunt.
922 1304 1023 1394 Quae
1037 1326 1119 1396 pars
1132 1326 1192 1373 or-

195 1408 252 1479 bis'
271 1419 448 1478 terrarum
470 1408 538 1477 fuit
560 1406 690 1477 cultior
712 1403 798 1476 Asia
819 1421 853 1477 et
870 1405 1045 1477 Graecia?
1095 1404 1192 1474 llaec

195 1511 261 1581 diu
275 1511 463 1602 praecipua
480 1508 660 1579 domicilia
685 1509 833 1579 fuerunt
848 1534 922 1578 non
939 1510 1054 1578 solum
1073 1508 1191 1577 litera-

195 1638 278 1684 rum
300 1628 334 1684 et
351 1613 467 1682 civilis
489 1611 715 1704 disciplinae,
737 1614 796 1681 sed
818 1612 923 1682 etiam
940 1608 1191 1682 Ecclesiamm.

194 1714 302 1786 Nunc
325 1710 448 1783 Asiam
481 1727 515 1785 et
538 1711 725 1782 Graeciam
746 1736 872 1802 magna
901 1739 942 1783 ex
965 1727 1064 1804 parte
1095 1725 1192 1783 tenet

196 1840 281 1908 gens
301 1818 484 1909 peregrina
502 1831 536 1886 et
554 1815 717 1884 immanis
735 1814 905 1896 Turcicn,
934 1816 1058 1885 deletis
1080 1828 1113 1884 et
1129 1839 1192 1884 ur-

194 1921 302 1990 bibus
328 1933 360 1989 et
382 1917 562 1990 Ecclesiis.
614 1916 662 1987 Et
685 1919 893 2008 impendent
908 1916 1120 1988 vastationes
1143 1917 1192 1985 si-

194 2022 297 2091 miles
313 2022 352 2089 in
367 2022 505 2114 reliqua
520 2018 676 2110 Europa.

297 2122 395 2193 Haec
415 2125 549 2193 excidia
573 2123 603 2190 si
620 2122 698 2214 quis
719 2121 863 2209 ignarus
879 2122 1060 2190 doctrinae
1078 2120 1191 2190 coele-

195 2226 257 2296 stis
274 2226 460 2318 adspiciat,
486 2228 655 2308 miretur,
681 2224 768 2316 quid
789 2223 931 2294 intersit
954 2224 1048 2292 inter
1064 2221 1189 2292 Eccle-

195 2329 284 2398 siam
310 2329 368 2397 dei
397 2341 429 2398 et
453 2329 547 2397 inter
572 2340 722 2396 caeteras
743 2339 881 2414 gentes,
913 2348 952 2394 ac
975 2349 1100 2395 secum
1117 2324 1191 2415 ipse

195 2445 340 2525 querat,
371 2455 451 2499 cum
477 2430 603 2500 ruinae
631 2426 765 2496 similes
790 2426 862 2499 sint
884 2428 1046 2497 omnium
1063 2449 1192 2516 regno-

193 2552 295 2620 rum,
328 2533 419 2603 sitne
440 2546 520 2623 pars
546 2531 664 2623 aliqua
686 2525 836 2599 humani
861 2530 999 2618 generis
1023 2530 1089 2598 deo
1113 2529 1191 2619 pla-

194 2658 297 2721 cens,
318 2649 352 2705 et
366 2660 455 2729 quae
469 2649 611 2724 regatur
633 2645 668 2703 et
681 2645 841 2702 servetur
855 2631 1049 2715 divinitus,
1074 2656 1114 2700 ac
1126 2630 1192 2701 ubi

193 2738 261 2822 sit,
287 2750 322 2808 et
342 2762 432 2831 quae
453 2737 522 2808 sit?
572 2734 639 2804 His
661 2729 935 2825 cogitationibus
949 2735 1078 2803 multos
1093 2756 1190 2802 nunc

194 2864 337 2935 quoque
355 2839 507 2909 exerceri
523 2837 693 2907 credibile
710 2848 781 2919 est,
801 2860 881 2907 cum
899 2837 999 2929 quasi
1015 2835 1114 2904 fatali
1132 2836 1199 2903 in-·

194 2943 320 3012 cendio
343 2943 454 3013 multa
476 2941 594 3011 vicina
618 2935 726 3029 regna
756 2938 1069 3028 iam-conflagrare
1090 2938 1191 3006 vide-

193 3068 285 3119 mus.
335 3044 389 3115 Ne
412 3059 529 3114 antem
554 3057 699 3136 propter
721 3036 814 3109 hanc
829 3041 1045 3110 excidiorum
1062 3039 1191 3107 simili-

1245 1330 1367 1376 versus
1389 1304 1523 1392 Deum,
1551 1306 1715 1402 Denique
1741 1310 1779 1378 in
1809 1310 1977 1381 omnibus
2008 1312 2243 1380 dissensioni·

1243 1409 1310 1478 bus
1327 1408 1490 1478 civilibus
1505 1433 1643 1500 semper
1660 1429 1878 1484 concurrunt
1889 1413 1994 1483 multi
2007 1422 2129 1502 graves
2142 1438 2239 1483 mor·

1244 1509 1291 1583 bi.
1345 1508 1436 1580 Vere
1452 1511 1560 1601 igitur
1576 1525 1611 1581 et
1623 1510 1782 1605 Respub.
1804 1529 1838 1585 et
1853 1516 1968 1584 bonae
1984 1529 2118 1584 mentes
2133 1515 2240 1586 susti-

1242 1611 1333 1683 nent'
1354 1613 1494 1683 dolores
1530 1614 1662 1683 similes
1693 1617 1979 1708 parturientium.
2041 1615 2160 1705 Quare
2193 1641 2239 1686 ne

1242 1715 1448 1804 frangamur
1472 1718 1716 1807 desperatione
1737 1733 1884 1810 propter
1903 1740 2098 1809 regnorum
2115 1719 2243 1788 ruinas·

1243 1831 1279 1887 et
1304 1817 1530 1887 dissidiorum
1556 1841 1761 1904 aerumnas,
1786 1844 1887 1912 saepe
1909 1822 2038 1912 repetit
2052 1823 2139 1890 deus
2154 1845 2239 1912 pro-

1242 1919 1448 1989 missionem
1476 1923 1520 1989 de
1542 1923 1714 1992 servanda
1730 1919 1908 2003 Ecclesia,
1933 1937 1974 1993 ut
1989 1920 2243 2017 apudEsaiam'

1242 2021 1374 2114 inquit:
1403 2010 1471 2092 hoc
1487 2024 1611 2092 foedus
1626 2047 1743 2093 meum
1761 2049 1841 2094 cum
1863 2027 1929 2110 eis,
1956 2026 2041 2096 dicit
2059 2025 2239 2109 dominus,

1242 2123 1387 2215 spiritus
1402 2149 1501 2193 meus
1518 2126 1580 2218 qui
1596 2127 1699 2195 estin
1716 2139 1769 2210 te,
1794 2141 1828 2195 et
1842 2127 1948 2196 verba
1967 2151 2043 2196 mea
2061 2150 2151 2220 quae
2170 2151 2237 2219 po-

1242 2225 1297 2294 sui
1322 2225 1360 2293 in
1383 2250 1443 2295 ore
1463 2240 1545 2310 tuo,
1571 2250 1645 2297 non
1668 2231 1834 2298 recedent
1854 2230 1899 2298 ab
1914 2252 1975 2298 ore
1992 2244 2075 2314 tuo,
2101 2253 2167 2298 nec
2192 2229 2238 2298 ab

1241 2351 1303 2395 ore
1317 2329 1461 2397 seminis
1485 2328 1558 2414 tui,
1583 2332 1748 2423 usquein
1763 2331 2028 2422 sempiternum.
2080 2328 2157 2400 Hac
2172 2352 2240 2399 nos

1241 2429 1444 2500 dulcissima
1462 2430 1704 2527 consolatione
1721 2446 1976 2513 sustentemus,
1997 2443 2030 2502 et
2047 2455 2239 2524 speremus,

1241 2555 1445 2601 mansuram
1469 2555 1542 2601 esse
1556 2529 1749 2603 Ecclesiam
1767 2535 1826 2603 dei
1847 2559 1922 2604 non
1936 2535 2052 2604 solum
2066 2535 2160 2603 inter
2181 2556 2239 2605 re-

1240 2657 1391 2723 gnorum
1404 2634 1546 2718 ruinas,
1567 2637 1626 2703 sed
1643 2637 1783 2706 etiamsi
1798 2638 1929 2707 fractus
1946 2638 2115 2706 illabatur
2128 2637 2239 2707 orbis.¹

1239 2732 1288 2806 Et
1312 2731 1379 2805 hac
1406 2760 1465 2827 spe
1487 2738 1607 2806 literas
1633 2751 1667 2807 et
1692 2739 1890 2808 doctrinam
1916 2763 1936 2807 a
1968 2740 2035 2807 deo
2069 2739 2239 2808 traditam

1240 2851 1403 2907 tueamur
1418 2862 1457 2907 ac
1474 2838 1725 2930 propagemus,
1753 2864 1842 2933 quae
1859 2839 1933 2929 ipsa
1952 2840 2157 2932 ubicunque
2169 2861 2239 2908 're-¹

1240 2952 1293 3009 cte
1309 2951 1429 3024 sonat,
1454 2940 1505 3008 ibi
1530 2964 1611 3008 vere
1625 2938 1821 3011 Ecclesiam
1841 2942 1900 3011 dei
1917 2965 1990 3011 esse
2007 2941 2182 3025 sciamus,
2201 2954 2242 3012 et*

1239 3051 1357 3111 veram
1376 3040 1637 3111 invocationem
1655 3057 1689 3113 et
1712 3043 1781 3113 alia
1799 3043 1988 3135 pia‘officia
2004 3066 2241 3113 exerceamus·

194 3147 359 3219 tudinem
383 3142 547 3229 homines
570 3145 776 3215 existiment
790 3165 873 3212 casu
886 3143 1007 3212 omnia
1020 3142 1123 3226 ferri,
1149 3164 1189 3209 ac
1239 3140 1288 3214 Et
1313 3166 1517 3237 quanquam
1540 3147 1691 3216 deerunt
1711 3144 1886 3234 praesidia
1910 3141 2086 3224 humana,
2119 3159 2240 3215 tamen

192 3250 331 3320 nullam
348 3262 484 3341 partem
509 3248 647 3340 generis
666 3242 814 3316 humani
838 3269 911 3314 esse
927 3257 1104 3314 aeternam
1132 3243 1191 3312 dei
1239 3243 1349 3315 aDeo
1361 3259 1503 3315 aeterno
1520 3261 1618 3336 patre
1634 3248 1773 3316 domini
1788 3247 1904 3317 nostri
1919 3245 1999 3317 lesu
2010 3243 2156 3332 Christi,
2175 3247 2238 3340 qui

192 3349 408 3436 Ecclesiam,
435 3353 519 3421 inde
535 3373 648 3443 usque
664 3351 708 3419 ab
721 3348 824 3417 initio
844 3349 929 3416 deus
945 3346 1064 3416 erudit
1085 3345 1189 3415 audi·
1239 3372 1276 3417 se
1291 3347 1394 3417 editis
1410 3359 1463 3418 tot
1479 3349 1774 3438 promissionibus
1789 3349 1969 3441 patefecit,
1995 3350 2238 3420 defensionem

193 3468 288 3526 tores
308 3478 389 3525 suos
407 3478 492 3523 voce
507 3448 825 3542 Prophetarumde
841 3447 1044 3519 discrimine
1061 3471 1189 3538 regno·
1242 3465 1402 3541 petamus
1423 3462 1456 3518 et
1472 3466 1701 3540 expectemus.

191 3574 271 3627 mm
289 3571 323 3629 et
339 3581 442 3626 verae
458 3552 647 3627 Ecclesiae.
688 3552 858 3623 Patefecit
876 3575 911 3620 se
926 3551 1023 3621 Deus
1039 3550 1189 3619 illustri·
1334 3550 1384 3622 Ut
1405 3565 1523 3620 autem
1550 3554 1594 3622 de
1616 3549 1671 3621 his
1701 3553 1863 3621 m'aximis
1887 3553 2010 3638 rebus,
2045 3555 2088 3622 de
2111 3553 2238 3621 discri-¹

192 3660 262 3730 bus
278 3659 508 3739 testimoniis,
537 3672 569 3728 et
589 3656 763 3739 ostendit,
795 3655 975 3747 quomodo
995 3651 1137 3743 agnosci
1157 3666 1190 3722 et
1239 3652 1336 3719 mine
1351 3652 1585 3743 imperiorum
1607 3667 1640 3723 et
1655 3652 1834 3725 Ecclesiae
1856 3655 1931 3740 dei,
1959 3655 2148 3738 decausis,
2175 3674 2238 3724 cur

194 3760 356 3829 invocari
383 3761 479 3834 velit.
539 3757 725 3842 Testatur,
754 3780 789 3826 se
823 3755 927 3824 irasci
959 3769 1120 3846 peccato,
1156 3767 1190 3823 et
1239 3750 1335 3822 Deus
1352 3753 1500 3845 imperia
1516 3769 1551 3824 et
1574 3769 1665 3826 totas
1679 3768 1798 3845 gentes
1813 3756 1945 3839 deleat,
1972 3758 2019 3825 de
2036 3758 2143 3826 modo
2162 3776 2238 3825 ser·

192 3887 269 3932 non
284 3863 400 3932 solum
415 3861 708 3933 comminationes
723 3858 888 3941 tradidit,
903 3858 964 3927 sed
981 3859 1086 3927 etiam
1100 3879 1190 3950 qno·
1239 3857 1377 3925 vandae
1393 3854 1591 3943 Ecclesiae,
1615 3861 1659 3928 de
1674 3859 1880 3929 discrimine
1895 3882 1998 3929 verae
2007 3855 2188 3928 Ecclesiae
2202 3870 2238 3928 et

191 3966 284 4036 tidie·
296 3965 494 4035 tristissima
518 3965 674 4054 exempla
694 3961 855 4031 omnium
872 3956 1060 4030 hominum
1077 3957 1189 4028 oculis
1240 3970 1360 4027 coetus
1375 3959 1564 4050 pontificii,
1589 3961 1651 4054 qui
1672 3960 1741 4030 sibi
1757 3975 1903 4053 propter
1924 3964 2074 4050 regnum
2097 3971 2238 4050 arrogat

191 4067 382 4160 proponit,
408 4069 521 4151 bella,
545 4065 781 4148 vastationes,
805 4086 927 4146 neces,
953 4076 989 4131 et
1009 4061 1191 4130 calamita·
1241 4084 1374 4129 nomen
1389 4058 1587 4148 Ecclesiae,
1611 4065 1656 4132 de
1672 4060 1832 4133 veraDei
1845 4063 2089 4149 invocatione,
2115 4065 2160 4133 de
2175 4086 2237 4131 ve·

191 4183 242 4240 tes
259 4169 429 4245 infinitas.
476 4167 616 4241 Rursus
632 4168 737 4237 etiam
753 4166 865 4235 edidit
879 4164 1131 4257 promissiones
1146 4163 1189 4232 de
1240 4162 1289 4230 ris
1312 4163 1485 4249 cultibus,
1512 4166 1556 4233 de
1581 4166 1633 4233 ira
1655 4165 1712 4233 dei
1732 4181 1766 4237 et
1778 4165 2089 4246 reconciliatione,
2116 4167 2161 4233 de
2176 4181 2236 4233 ae'-

192 4271 392 4361 colligenda
421 4286 454 4343 ct
474 4272 645 4340 servanda
668 4266 824 4339 Ecclesia
847 4268 1027 4359 perpetua.
1084 4264 1196 4335 Delct‘
1229 4264 1350 4334 'ternis
1368 4267 1490 4356 poenis
1508 4280 1542 4336 et
1560 4266 1726 4357 praemiis
1741 4290 1807 4337 nos
1822 4281 1915 4338 recte
1929 4268 2153 4351 erudiamus,
2168 4266 2238 4356 legi

194 4372 302 4462 igitur
329 4387 448 4464 gentes
477 4387 512 4444 et
542 4385 656 4443 mutat
694 4371 842 4462 imperia
874 4384 1024 4462 propter
1050 4370 1189 4438 furores
1239 4361 1500 4458 Prophetarum
1523 4383 1558 4438 et
1573 4364 1830 4461 Apostolorum
1851 4371 1981 4463 scripta
1998 4372 2084 4439 deus
2101 4369 2236 4460 praeci-

193 4473 405 4567 irnpiocum,
438 4476 501 4570 qui
522 4474 701 4544 emendari
724 4474 871 4559 nolunt;
907 4487 941 4543 et
961 4473 1114 4562 excerpit
1137 4485 1190 4540 ta·
1239 4469 1303 4560 pit.
1355 4469 1408 4538 Ac
1425 4471 1626 4540 dulcissime
1648 4472 1782 4542 dictum
1802 4485 1853 4542 est
1869 4472 1908 4540 in
1923 4471 2084 4542 Psalmo:
2110 4472 2150 4539 in
2167 4467 2238 4540 Ec-

192 4579 337 4648 men‘in
360 4575 416 4649 his
440 4579 526 4672 ipsis
553 4576 797 4647 eversionibus
818 4576 1050 4667 imperiorum
1067 4570 1189 4644 Eccle-
1240 4570 1355 4639 clesiis
1390 4572 1588 4642 benedicite
1620 4573 1798 4659 Domino,
1839 4576 1882 4642 de
1920 4575 2081 4644 sontibus
2116 4571 2238 4646 lsrael.

193 4681 302 4765 siam,
329 4706 435 4776 quam
457 4706 518 4753 sua
544 4703 653 4750 manu
676 4678 781 4769 tegit,
808 4694 841 4750 et
863 4677 950 4747 alias
976 4677 1062 4745 alibi
1078 4676 1188 4746 collo·
1238 4670 1460 4743 Deducimur
1481 4675 1526 4743 ad
1544 4676 1659 4745 fontes
1677 4675 1806 4759 lsrael,
1832 4676 1869 4744 id
1886 4690 1954 4762 est,
1980 4679 2023 4746 ad
2039 4670 2241 4767 Prophetas

192 4794 268 4867 cat,
301 4797 334 4853 et
360 4809 449 4877 quae
485 4786 529 4854 sit
560 4785 680 4867 docet,
711 4804 836 4872 nempe
861 4806 932 4875 quo
953 4775 1187 4868 Evangelium
1239 4789 1272 4845 et
1293 4771 1505 4866 Apostolos,
1538 4774 1593 4846 Ex
1615 4773 1671 4846 his
1693 4773 1838 4848 haurire
1860 4778 2026 4848 iubemur
2048 4802 2169 4848 veram
2191 4777 2236 4847 de

192 4908 275 4955 vere
291 4887 516 4978 amplectitur
532 4899 565 4955 et
578 4898 671 4955 recte
688 4897 803 4956 sonat.
1239 4879 1305 4946 deo
1329 4879 1548 4963 doctrinam,
1580 4877 1639 4950 Ab
1658 4877 1714 4950 his
1739 4881 1948 4951 discendum
1977 4896 2046 4964 est,
2080 4879 2160 4974 quis
2191 4878 2238 4949 sit

292 4987 366 5059 Nec
387 5013 472 5058 vero
495 4989 572 5057 fieri
592 5001 725 5079 potest,
751 4985 840 5080 quin
863 4985 979 5055 ruinis
996 5007 1186 5074 regnorum
1238 5003 1320 5049 vere
1344 4981 1451 5063 detis,
1484 4993 1518 5050 et
1541 4986 1720 5074 quomodo
1742 4982 1963 5053 invocandus
1987 4984 2051 5068 sit,
2083 4980 2236 5076 quaesit

191 5104 374 5183 quassatae
394 5087 572 5161 Ecclesiae
598 5090 702 5159 etiam
728 5088 865 5158 duriter
890 5088 1122 5177 adfligentur,
1148 5099 1188 5156 ut
1238 5107 1320 5153 vera
1344 5084 1401 5151 dei
1420 5081 1599 5168 Ecclesia,
1637 5099 1671 5155 et
1693 5088 1873 5178 quomodo
1899 5098 2041 5172 regatur
2061 5098 2096 5154 et
2119 5107 2237 5153 serve-

191 5184 253 5261 hic
274 5193 349 5285 ipse
371 5192 507 5264 Hoseas
536 5191 669 5285 inquit:
704 5191 846 5259 dolores
868 5190 1104 5281 parturientis·
1126 5186 1188 5255 ve'-
1238 5202 1307 5259 tur.
1333 5180 1505 5254 Amemus
1522 5186 1633 5275 igitur
1647 5181 1712 5256 hos
1725 5188 1841 5258 fontes
1856 5187 1981 5272 lsrael,
2001 5187 2121 5280 eisque
2136 5187 2237 5256 frua-

191 5294 296 5365 nient
317 5296 360 5366 ei.
413 5295 558 5385 Quanto
583 5317 679 5364 nunc
700 5295 738 5362 in
756 5293 879 5362 dolore
903 5304 939 5360 et
959 5292 1058 5361 luctu
1078 5290 1185 5360 multi
1238 5310 1338 5372 mur,
1358 5311 1424 5357 nec
1445 5289 1692 5379 permittamus
1715 5290 1852 5388 ignavi,
1875 5302 1914 5359 ut
1929 5285 2087 5359 obiectae
2104 5289 2149 5357 ab
2166 5289 2237 5356 im-

191 5410 276 5467 sunt
298 5413 495 5490 spectantes
522 5395 692 5468 Graeciae
718 5393 943 5465 servitutem!
998 5391 1108 5462 Fiunt
1123 5416 1186 5461 an·
1236 5390 1305 5482 piis
1327 5392 1439 5461 moles
1473 5392 1765 5473 obstruant'eos,
1790 5406 1852 5464 aut
1882 5391 2052 5462 iniectum
2083 5412 2234 5460 coenum
2279 5394 2283 5402 '

189 5499 364 5588 gustiores
384 5515 419 5572 et
440 5500 674 5596 squalidiores
689 5495 876 5570 Ecclesiae.
927 5493 1000 5566 Nec
1022 5518 1088 5564 nos
1111 5494 1186 5566 sine
1236 5504 1439 5584 corrumpat
1467 5516 1544 5581 eos,
1577 5489 1647 5566 boc
1670 5502 1738 5580 est,
1771 5493 2014 5588 perficiamus,
2047 5505 2087 5564 ut
2117 5503 2235 5563 extent
