4882 6426
173 318 177 326 '
219 341 297 423 sss
791 337 1231 419 nersronnnuu
1284 342 1395 417 um
1429 344 1494 426 u.
1547 344 1698 427 1644.
2007 404 2011 409 ,
2181 359 2266 437 52,

223 522 319 592 stunt
341 528 429 590 crat.
482 512 555 589 Sed
575 507 664 588 haee
686 539 768 588 cura
784 540 860 587 non
875 516 989 608 tangit
1010 513 1216 586 barbaricos
1265 517 1343 607 ipso
1360 543 1518 589 munere.
1569 517 1623 591 De
1637 523 1717 593 aula
1734 535 1847 593 vestra
1866 549 1940 596 non
1961 550 2064 598 sumo
2086 525 2177 601 mibi
2200 533 2262 607 iu-

222 618 420 716 pfintipfl,
444 617 581 690 alienos
599 641 619 690 a
634 611 881 712 philosophia,
906 631 940 689 et
958 617 1031 689 scio
1051 632 1085 688 te
1101 618 1216 687 virtu·
1266 619 1412 694 dicium.
1470 619 1574 692 Certe
1606 625 1729 696 literae
1758 626 1929 719 principis
1958 632 2003 699 ad
2025 627 2259 706 Academiam

222 724 270 799 tis
284 745 388 794 musa
405 720 496 791 velle
510 722 557 792 dc
576 721 717 812 republ.
737 722 829 791 bene
849 720 989 795 mereri.
1038 716 1214 789 Existimo
1265 719 1444 812 Lipsicam
1464 738 1565 796 erant
1588 720 1834 799 honestissime
1855 731 2004 822 scriptae
2036 744 2070 801 et
2092 735 2261 808 contine·

223 840 361 910 umen,
385 836 548 894 nostrum
562 822 744 908 ordinem,
770 817 807 897 h.
821 846 851 892 e.
871 819 1119 893 scholasticum
1136 845 1216 911 gre-
1266 823 1354 893 bant
1368 824 1541 895 illustrem
1557 828 1847 917 significationem
1861 846 1974 902 rectae
1994 835 2188 908 voluntatis
2203 865 2261 910 er-

223 950 302 1021 gem
317 938 378 998 tua
394 923 564 995 beneficia
579 924 699 1015 magni
712 926 836 1010 facere,
862 938 967 1018 teque
983 936 1080 1014 grata
1095 937 1215 993 mente
1265 946 1306 1013 ga
1323 927 1512 1016 puritatem
1529 924 1725 1020 Evangelii.
1777 928 1862 1002 Ideo
1879 936 2016 1020 nescio,
2042 961 2088 1006 an
2107 939 2154 1010 sit
2169 943 2261 1014 utile

224 1028 353 1102 colere.
402 1023 458 1098 De
480 1051 539 1096 me
554 1025 697 1120 quidem
719 1020 789 1096 hoc
804 1027 979 1113 affirmare
994 1048 1158 1116 possum,
1180 1037 1215 1093 et
1265 1029 1444 1096 adversari
1474 1030 1624 1102 consilio
1653 1034 1697 1101 de
1718 1029 1951 1109 Consistorio.
2008 1035 2082 1108 Nec
2106 1043 2261 1115 arbitrer

221 1133 268 1203 de
287 1124 456 1217 Erosmo
480 1141 602 1199 nostro
625 1121 864 1197 Salveldensi
892 1141 927 1197 te
959 1151 978 1197 a
1008 1127 1113 1196 nobis
1135 1140 1215 1195 tan-
1263 1125 1569 1200 idConsistorium
1585 1147 1823 1224 pugnaturum
1840 1161 1920 1206 cum
1935 1135 2150 1231 Evangelio,
2177 1171 2261 1217 cum

222 1255 331 1329 qum
354 1245 490 1324 patrem
513 1229 626 1319 diligi.
679 1227 789 1302 Mitto
810 1230 877 1299 tibi
902 1230 1065 1319 exiguum
1083 1251 1214 1297 munus
1264 1226 1436 1301 Doctores
1454 1227 1670 1324 Theologiae
1684 1234 1817 1327 Lipsici
1835 1239 1905 1308 sint
1920 1243 2107 1332 praecipua
2129 1247 2260 1318 suffra-

138 1349 142 1357 ·
221 1337 268 1408 nd
280 1333 546 1425 significandam
569 1354 683 1401 meam
699 1331 1004 1415 benevolentiam,
1029 1341 1063 1398 et
1083 1331 1127 1399 de
1151 1331 1216 1398 ad·
1264 1332 1321 1421 gia
1344 1334 1384 1401 in
1409 1357 1450 1402 eo
1474 1349 1598 1406 senatu
1620 1332 1795 1432 habitu-ri.
1841 1338 1915 1411 Nec
1932 1338 2022 1412 mihi
2037 1345 2123 1416 libet
2142 1351 2261 1442 suspi-

220 1432 366 1522 bortor,
389 1447 432 1506 ut
446 1432 673 1523 astrologica,
699 1457 789 1528 quae
804 1426 933 1506 Iooch.
950 1426 1216 1528 Leucopetram
1265 1436 1385 1503 cinnes
1410 1435 1515 1509 alere.
1574 1435 1682 1526 Quod
1712 1440 1741 1507 si
1769 1435 1837 1509 boc
1859 1457 2042 1533 praetextu
2061 1450 2261 1523 moliantur

221 1537 402 1611 editurum
423 1550 457 1608 te
476 1533 703 1628 significavit,
734 1531 963 1630 typographis
988 1536 1115 1606 tradas.
1174 1533 1214 1619 Si
1265 1535 1420 1629 aliquam
1439 1540 1696 1610 restitutionem
1717 1564 1913 1626 canonum,
1940 1571 1994 1616 res
2015 1549 2089 1639 ipsa
2112 1565 2147 1622 et
2170 1569 2262 1625 tem-

220 1664 301 1712 meo
316 1639 437 1732 aliquo
453 1639 575 1708 labore
589 1661 664 1706 earn
688 1637 972 1707 lucubrationem
996 1636 1093 1705 voles
1117 1660 1215 1704 corn-
1265 1662 1350 1728 pora
1366 1641 1570 1724 ostendent,
1597 1643 1683 1735 quid
1701 1657 1834 1732 agatur.
1884 1644 1980 1718 Haec
1996 1651 2261 1742 simplicissimo

219 1741 384 1813 mendari
400 1740 586 1823 studiosis,
610 1762 686 1807 non
704 1739 815 1808 deerit
828 1739 896 1808 tibi
912 1762 1029 1808 meum
1045 1737 1213 1811 officium.
1264 1739 1384 1809 animo
1418 1742 1560 1833 scripsi,
1592 1759 1771 1826 metuens,
1812 1770 1859 1815 ne
1893 1752 2113 1824 adversando
2149 1760 2262 1847 magis

199 1840 326 1916 'Certe
347 1843 443 1914 enim
469 1842 659 1912 accendere
691 1840 894 1931 ingeniosos
923 1843 968 1910 ad
999 1840 1213 1930 optimarum
1252 1841 1459 1911 ‘alienemus
1485 1845 1685 1915 voluntates
1706 1847 1876 1924 infirmas.
1929 1849 2026 1922 Bene
2047 1856 2134 1930 vale.
2166 1910 2168 1917 .
2193 1858 2262 1930 Die

102 1972 106 1977 ·
221 1945 352 2018 artium
373 1943 491 2015 studia
515 1965 652 2034 semper
676 1955 823 2012 conatus
844 1966 941 2028 sum,
979 1941 1109 2035 quibus
1132 1941 1214 2032 qui·
1267 1943 1326 2016 1s.
1341 1940 1564 2017 Novembris.

194 2049 303 2119 'dem
320 2071 379 2118 me
393 2068 535 2140 quoque
550 2067 695 2136 prorsus
711 2044 902 2129 dedissem,
928 2044 1070 2113 nisime
1093 2042 1212 2111 nescio
2050 2058 2088 2132 p·
2104 2060 2158 2137 M·

221 2150 320 2245 quod
340 2149 453 2219 latum
472 2145 704 2239 implicuisset
726 2145 834 2215 nimis
849 2146 956 2215 variis
971 2144 1214 2235 occupationi·
1782 2229 1795 2244 Ι

133 2320 137 2325 .
220 2251 289 2322 bns
304 2250 361 2320 vel
376 2248 556 2320 aerumnis
569 2247 699 2341 potius.
740 2246 812 2319 Sed
827 2245 904 2318 Deo
920 2248 1214 2339 obtemperemus,
1267 2266 1944 2283 ·”“·······-··-····-·“·’·’·-·---·

220 2351 284 2448 qui
298 2351 386 2423 alios
402 2352 445 2420 ad
461 2350 530 2419 alia
545 2372 694 2420 munera
709 2362 822 2423 vocat.

323 2450 426 2527 Erss.
441 2445 552 2546 M.·)
566 2473 780 2542 magnopere
804 2451 902 2543 cupit
927 2451 1053 2519 excudi
1076 2450 1215 2520 tabulas
1277 2423 1344 2499 ΝΟ·
1361 2422 1474 2499 3⁰75·

221 2554 478 2639 directionum,
503 2576 611 2648 seque
636 2553 853 2623 adiecturum
871 2553 1045 2647 quaedam
1068 2552 1216 2644 poll’ne-
1496 2616 1522 2634 „
1733 2637 1740 2653 .

220 2670 292 2732 tur.
343 2655 462 2728 Vellet
486 2654 596 2744 igitur
616 2677 657 2724 ea
672 2657 717 2724 de
741 2679 779 2724 re
801 2678 882 2724 cum
898 2650 1128 2748 typographis
1149 2654 1216 2744 agi.
1679 2632 1852 2724 Etdem.

218 2756 416 2835 Nemeum
446 2756 486 2825 in
517 2750 650 2827 scholis
681 2756 754 2827 sint
775 2757 856 2827 usui
882 2755 1043 2842 futurae,
1076 2756 1216 2826 utiliter
1368 2782 1447 2854 η,
1464 2803 1558 2859 apogr.
1577 2789 1639 2845 cod.
1658 2787 1743 2847 Goth.
1764 2794 1822 2850 190.
1840 2813 1866 2868 P·
1886 2795 1946 2851 115.

220 2859 330 2932 vendi
357 2880 460 2952 posse
489 2860 584 2928 bona
615 2881 694 2951 spes
720 2871 782 2932 est.
839 2856 967 2929 Sciunt
991 2853 1217 2954 typographi,
1246 2930 1250 2935 ,
1493 2941 1501 2959 ο
1719 2930 1722 2934 Α
1885 2920 1894 2934 ,

221 2957 449 3034 scholasticos
469 2959 628 3044 libellos,
654 2961 717 3054 qui
740 2960 870 3030 artium
893 2974 1077 3052 praecepta
1100 2960 1216 3053 conti·
1319 2935 1526 3013 ’4ΜοΜο
1556 2940 1741 3068 Laws
1750 2948 1880 3040 bach,
1920 2949 2076 3028 Pssslvrl'
2106 2955 2212 3036 Eccl·

216 3077 320 3151 nent,
334 3063 460 3134 excudi
472 3062 658 3157 foeliciter.
683 3059 768 3131 ldeo
786 3062 816 3130 si
825 3057 1021 3131 authoritas
1034 3062 1217 3133 accesserit
1679 3046 1851 3152 Pernam.

198 3178 297 3253 tua,
310 3163 466 3236 obtineri
482 3187 538 3233 res
552 3162 693 3254 poterit.
725 3162 826 3235 Solvi
844 3164 997 3254 pretium
1011 3189 1076 3256 pro
1096 3165 1216 3240 labore
1267 3153 1312 3241 S.
1338 3173 1382 3251 1),
1433 3174 1480 3248 Εῑ
1497 3179 1604 3250 dilexi
1619 3208 1661 3253 e,
1678 3178 2013 3261 ammomum-um
2030 3184 2265 3294 propmpie·

222 3266 449 3337 describendi
463 3266 595 3366 iustum
612 3277 672 3337 est.
726 3263 866 3354 Quaeso
882 3265 990 3354 igitur
1005 3267 1135 3350 scribe,
1160 3265 1217 3333 vel
1269 3289 1375 3348 tatem
1403 3293 1437 3349 et
1459 3282 1714 3371 professionem
1738 3286 1925 3382 Evangelii
1949 3310 1983 3366 et
2004 3297 2142 3386 ingenii
2165 3305 2264 3375 dotes

221 3390 287 3461 per
303 3360 539 3436 Ioochimom
553 3358 765 3463 Leucopetr.
781 3366 955 3453 significa,
981 3368 1065 3459 quid
1085 3369 1128 3435 de
1142 3367 1217 3437 edi·
1270 3381 1442 3471 egregias,
1468 3396 1501 3454 ,1
1516 3385 1605 3454 hene
1621 3390 1702 3459 ,010
1721 3386 1987 3466 honestissimae
2003 3401 2150 3488 viduae,
2177 3431 2265 3500 quae

222 3468 322 3542 tione
351 3492 473 3540 earum
498 3468 702 3538 tabularum
724 3462 891 3537 Erasmo
921 3471 1136 3559 sperandum
1161 3469 1218 3541 sit.
1269 3483 1385 3553 fuitei
1401 3497 1528 3575 nuptm
1556 3512 1665 3580 qum
1680 3495 1854 3564 mevam,
1870 3501 1997 3587 pudet,
2025 3505 2265 3578 nondmnvo⁸

150 3656 157 3670 ι
190 3581 193 3587 ’
222 3564 421 3640 Inachimo
436 3563 681 3666 Leucopetreo
703 3592 768 3660 pro
787 3571 996 3639 muneribus
1016 3571 1220 3657 missisgra-
1271 3585 1326 3654 bis
1347 3586 1386 3653 in
1411 3586 1482 3653 levi
1504 3589 1619 3659 officio
1640 3595 1873 3682 gratificam
1890 3623 1973 3672 esse·
2025 3603 2096 3675 sed
2117 3609 2265 3679 oblivis·

207 3670 292 3742 ”tias
307 3686 443 3762 ago,et
461 3674 610 3744 salutem
629 3672 663 3739 ei
679 3685 774 3762 opto.
801 3669 1093 3745 ldib.N0vembr.
1111 3668 1221 3764 1544.
1273 3710 1334 3755 cor
1347 3687 1440 3755 inter
1454 3703 1605 3759 caeteras
1622 3686 1879 3788 occupationes.
1934 3701 2066 3775 Verum
2092 3731 2170 3778 non
2189 3713 2267 3782 diu-

1273 3787 1344 3856 tius
1359 3787 1523 3857 differam
1537 3785 1628 3864 hanc
1643 3790 1947 3889 scriptiunculam.

225 3909 865 3931 Μω-·“
882 3910 1220 3985 “·“···-“·-έ--
1374 3886 1429 3956 De
1458 3897 1667 3966 ceremoniis
1692 3901 1759 3968 scis
1781 3927 1887 3995 quam
1910 3909 2042 3978 invitus
2066 3914 2201 3985 scribat
2222 3914 2264 3989 D.

223 4028 259 4140 N
777 4074 789 4093 ,
828 4068 837 4082 χ
1273 3986 1462 4108 DoctorJ).
1500 3989 1563 4111 ”Et
1578 4002 1783 4118 utumauxime
1799 4006 1948 4076 formam
1964 4030 2197 4102 componeret
2213 4017 2266 4085 in-

232 4061 425 4196 Μ.
1042 4069 1221 4190 Q·
1274 4091 1394 4181 tellrgo
1409 4117 1447 4160 m
1463 4095 1542 4163 alus
1558 4105 1763 4189 regionibus
1778 4106 1864 4176 alias
1887 4111 2017 4181 formas
2032 4115 2086 4182 vel
2110 4133 2267 4210 receptas

447 4197 450 4204 ·
680 4204 687 4218 ·
900 4263 907 4279 ·
1274 4216 1347 4261 esse
1361 4194 1417 4262 vel
1435 4198 1568 4288 quaeri.
1621 4199 1786 4294 Optarim
1811 4211 1975 4301 equidem
2000 4215 2076 4283 sine
2099 4223 2267 4309 supersti-

517 4257 576 4346 Α.
604 4258 943 4346 Lauiet'basslllo·
1274 4295 1371 4364 tione
1403 4299 1617 4371 mediocrem
1649 4330 1720 4374 esse
1751 4308 2023 4384 similitudinem
2055 4318 2266 4409 elegantium

314 4424 505 4497 suspen.
525 4418 687 4478 eodGoih.
706 4421 764 4476 190.
784 4439 810 4492 p.
832 4419 891 4473 109.
1275 4399 1568 4470 ceremoniarum.
1625 4406 1696 4477 Sed
1725 4433 1805 4479 cum
1839 4413 1999 4501 videam,
2033 4443 2114 4490 suas
2144 4424 2267 4518 cuique

1275 4501 1491 4570 ceremonias
1509 4527 1633 4596 magna
1652 4533 1692 4576 ex
1710 4526 1809 4601 parte
1823 4514 1979 4604 placere,
1996 4523 2040 4589 de
2059 4518 2126 4593 hac
2145 4549 2184 4594 re
2197 4551 2265 4596 non

1274 4623 1404 4691 pugno·
1458 4602 1604 4676 Utinam
1621 4608 1718 4681 Deus
1735 4615 1920 4706 doctrinae,
1932 4644 2034 4692 verae
2058 4649 2266 4697 consensum

1274 4716 1436 4783 tueatur,
1475 4730 1565 4798 quae
1599 4711 1629 4779 si
1665 4717 1825 4787 mauebit
1857 4719 2086 4816 incorrupta,
2131 4742 2264 4822 tempus

1276 4805 1380 4874 etiam
1408 4808 1598 4881 consilium
1621 4816 1665 4883 de
1693 4822 1904 4892 ceremoniis
1927 4830 2100 4902 ostendet.
2163 4831 2264 4901 Mitto

227 4571 390 4660 Clariss.
405 4577 501 4660 viro,
533 4573 679 4672 egregio
696 4568 898 4645 eruditione
918 4582 949 4642 et
967 4571 1100 4670 pietate
1114 4597 1223 4670 prae-

229 4681 308 4758 dito
331 4680 388 4760 D.
416 4675 625 4753 Antonio
652 4669 977 4761 Laoterbach,
1000 4668 1106 4750 Post.
1119 4671 1223 4746 Eccl.

489 4776 704 4865 Pirnensts,
731 4776 852 4849 amico
876 4802 955 4853 suo.

99 4986 113 5011 χ
228 4899 314 4995 Etsi
336 4919 482 5002 malim,
520 4917 563 4985 de
587 4938 666 4983 mea
688 4937 793 4983 causa
815 4937 890 4982 non
914 4914 1028 4983 facere
1053 4927 1224 5006 sumptus,
1275 4907 1343 4977 tibi
1359 4908 1550 4980 editionem
1566 4917 1763 5004 proximam
1780 4921 1961 5007 locorum,
1989 4944 2023 4998 et
2038 4932 2145 5002 mitto
2159 4948 2200 5002 ut
2216 4934 2264 5003 iu-

229 5013 434 5116 praesertim
459 5020 497 5088 in
522 5017 630 5088 rebus
654 5039 729 5085 uon
753 5015 979 5099 necessariis,
1013 5029 1130 5086 tamen
1154 5011 1224 5086 bu·
1276 5010 1367 5095 dici,
1392 5010 1469 5080 viro
1490 5014 1594 5086 docto
1615 5031 1651 5087 et
1671 5020 1750 5111 pio,
1777 5036 1811 5094 et
1835 5039 1936 5117 peto,
1962 5045 2002 5101 ut
2023 5028 2114 5102 mihi
2139 5035 2265 5126 signiti-

229 5125 399 5196 manitate
421 5136 455 5194 et
478 5143 598 5190 amore
617 5133 678 5189 tuo
701 5118 876 5202 delector,
914 5117 1051 5213 tibique
1075 5121 1223 5209 gratiam
1276 5135 1351 5199 ces,
1386 5113 1416 5181 si
1438 5114 1525 5208 quid
1549 5117 1749 5203 inveneris,
1786 5131 1884 5219 quod
1916 5131 2130 5223 displicebit.
2193 5136 2264 5208 Scio

229 5224 345 5301 babeo
360 5248 426 5317 pro
444 5236 504 5294 tua
528 5244 611 5331 erga
636 5243 694 5290 me
716 5218 985 5306 benevolentia,
1011 5234 1047 5292 et
1066 5244 1131 5313 pro
1156 5215 1224 5291 hoc

234 5460 238 5470 ·
1312 5440 1341 5502 *t
1367 5442 1438 5497 Vide
1456 5441 1570 5498 Lutberi
1591 5447 1672 5517 epist.
1694 5445 1892 5506 bruterbscbio
1910 5453 2038 5525 scriptam
2059 5456 2087 5510 d.
2106 5457 2152 5515 20.
2174 5460 2222 5516 lul.
2241 5468 2264 5512 et

262 5513 292 5586 *l
309 5512 438 5569 Erasmus
455 5506 584 5579 noster?
1113 5529 1120 5536 ·
1349 5512 1376 5567 d.
1388 5512 1414 5568 2.
1428 5513 1499 5569 ch.
1517 5512 1594 5570 164⁴.
