4868 6420
214 352 288 427 887

790 346 1231 425 EPISTOLARUM
1292 347 1399 427 LlB.
1434 348 1499 425 lX.
1554 345 1686 424 1545.

2186 348 2257 420 888

219 537 363 618 propter
379 547 488 614 genus
506 524 679 594 sermonis
700 537 735 594 ct
753 546 825 593 res:
850 526 911 593 sed
928 525 1014 594 libri
1035 525 1214 614 magnitu-
1264 519 1352 596 Deo.
1384 522 1481 594 Haec
1498 549 1577 594 cum
1595 524 1785 595 scriberem
1800 536 1873 593 erat
1886 546 2027 593 mecum
2044 520 2219 616 quispiam
2230 517 2258 611 ²)

219 631 265 699 do
290 651 365 696 non
387 628 551 717 congruit
572 627 645 696 illis
667 622 817 698 Scholis.
870 626 909 697 Si
932 629 1019 720 quid
1036 615 1214 696 Caesaris

188 735 189 738 ’
219 731 328 800 velles
350 730 595 820 interpretari,
620 731 764 797 mallem
785 729 872 799 belli
893 731 1008 799 civilis
1027 726 1212 799 historiam

219 832 389 925 proponi,
415 856 523 926 quam
540 831 625 900 belli
639 828 787 916 Gallici,
813 831 895 924 quia
914 855 1029 901 sermo
1043 834 1081 901 in
1096 846 1214 925 poste-

219 935 376 1004 rioribus
399 934 471 1019 illis
493 934 594 1003 libris
619 936 662 1002 de
687 936 780 1003 bello
797 934 896 1002 civili
918 935 1060 1026 planior
1080 949 1113 1005 et
1132 937 1214 1004 dul-

222 1037 297 1106 cior
314 1050 374 1110 cst.
428 1033 477 1104 ln‘
485 1031 513 1104 I
512 1033 635 1105 ustino
652 1052 686 1106 et
700 1061 755 1105 res
772 1038 918 1106 mutilae
944 1052 1043 1122 sunt,
1067 1052 1102 1106 ct
1118 1034 1214 1107 Ora·
1231 1047 1237 1054 ’

221 1140 270 1209 tio
288 1139 396 1207 nimis
413 1138 542 1213 brevis.
594 1137 665 1209 Sed
682 1151 799 1208 tamen
820 1135 911 1206 mihi
929 1141 1043 1231 placet
1060 1134 1217 1233 Georgii

221 1241 425 1323 consilium,
460 1240 544 1332 quia
568 1243 674 1310 series
694 1237 988 1311 Monarchiarum
1013 1257 1047 1313 ct
1068 1240 1214 1332 Regno-

220 1368 300 1413 rum
319 1343 369 1412 ibi
385 1342 536 1411 indicari
551 1357 675 1432 potest.
728 1342 875 1427 Malim,
902 1339 1112 1414 Salustium
1129 1370 1212 1436 pro-

219 1446 319 1538 poni.
380 1442 423 1513 ln
440 1440 617 1514 Suetonio
638 1460 791 1538 quatuor
806 1444 973 1515 Caesares
995 1463 1096 1532 sunt,
1123 1473 1212 1541 quo-

222 1573 304 1617 rum
321 1547 424 1617 lectio
440 1548 540 1618 utilis
556 1561 623 1632 est,
651 1547 774 1631 lulius,
801 1547 1001 1637 Augustus,
1024 1549 1211 1642 Vespasia-

220 1674 308 1734 nus,
334 1647 457 1734 Pater‚
481 1664 515 1719 et
529 1648 653 1734 Titus,
677 1651 783 1720 filius.
847 1648 1048 1721 ln-caeteris
1064 1656 1211 1722 obscoe-

219 1753 313 1823 nitas
330 1752 436 1820 nimis
450 1774 576 1841 magna
595 1765 656 1825 cst.
720 1750 866 1823 Utinam
882 1742 1112 1850 Cuspiniani
1123 1753 1213 1825 Cae-

220 1877 314 1925 sares
329 1853 522 1943 germanici
539 1855 677 1923 meliori
698 1878 823 1943 genere
840 1851 1025 1925 Orationis
1045 1858 1212 1947 descripti

220 1969 344 2029 essent.
396 1954 536 2024 Horum
558 1950 729 2026 historiae
750 1981 805 2026 res
820 1952 954 2028 habent
970 1962 1075 2030 nobis
1097 1961 1211 2028 utiles.

218 2056 268 2130 Et
277 2059 346 2128 suit
354 2058 466 2129 virtus
476 2059 516 2127 in
531 2058 898 2150 nostrisPrincipihus
914 2063 1037 2146 maior,
1055 2087 1160 2155 quam
1172 2063 1209 2129 in

161 2191 164 2198 ¹
221 2155 367 2231 Graecis
386 2174 446 2230 aut
459 2159 644 2235 Romanis.
686 2156 839 2231 Pulchre
853 2164 981 2254 scripta
999 2181 1050 2235 est
1063 2161 1208 2233 historia

218 2263 327 2333 cladis
345 2262 540 2331 Varnensis
555 2288 574 2332 a
590 2262 770 2354 Scriptore
785 2267 934 2350 recenti,
960 2262 1052 2335 hauc
1067 2282 1210 2358 propter

217 2389 273 2434 res
290 2378 323 2435 et
338 2389 448 2454 genus
465 2367 637 2435 sermonis
654 2390 756 2458 posse
772 2367 907 2436 utiliter
923 2371 1076 2461 proponi
1091 2370 1210 2440 existi-

216 2493 288 2541 mo.
340 2465 437 2536 Beue
455 2466 499 2536 V.
549 2464 617 2538 Die
637 2469 715 2540 Nat.
731 2464 893 2543 Lutlreri.

1047 2568 1142 2642 Phil.

213 2935 411 3045 namu.

223 3033 396 3065 *m
1030 3037 1202 3068 m

569 3134 623 3225 Ν.
652 3134 855 3222 Medtero.

281 3316 307 3368 a
325 3313 431 3370 Danrio
451 3331 494 3385 ep.
512 3313 557 3370 48.
574 3315 644 3370 edita
668 3335 698 3370 ex
720 3315 782 3370 cod.
799 3314 895 3369 Barari
915 3333 943 3386 p.
962 3314 1052 3386 totu,
1080 3336 1156 3372 nunc
1178 3337 1207 3372 er

313 3385 409 3438 eodem
432 3383 574 3455 descripta.

355 3537 446 3611 Dm.
466 3538 576 3613 Doct.
602 3537 810 3616 Nicolao
830 3537 1053 3615 Medlero.

209 3673 255 3764 S.
279 3695 323 3767 D.
348 3730 353 3743 ¹
367 3692 415 3766 Et
428 3721 493 3786 pro
509 3710 677 3788 perpetua
694 3711 753 3766 tua
769 3720 850 3786 erga
869 3723 934 3767 nos
948 3700 1206 3788 benevolentia,

209 3809 246 3865 et
260 3822 324 3888 pro
340 3793 489 3866 historia
508 3800 706 3890 conscripta
721 3800 787 3868 tibi
804 3802 952 3886 gratiam
968 3796 1094 3875 baben.
1133 3803 1205 3874 Le-

1265 651 1305 695 ex
1323 625 1432 717 Regis
1446 621 1648 696 Feraaadi
1669 628 1814 712 scribis,
1838 627 1901 720 qui
1923 626 2106 704 adfirmat,
2133 623 2254 693 Turci-

1266 754 1347 798 cum
1371 743 1564 824 tyrannum
1589 730 1750 822 proxima
1775 743 1902 799 aestate
1924 730 2165 798 adducturum
2188 750 2253 795 esse

1266 833 1443 919 ingentem
1461 833 1653 904 exercitum
1671 832 1709 900 in
1722 831 1958 910 Pannoniam,
1985 855 2025 899 ac
2040 831 2174 918 legatos
2185 816 2254 896 Ca-

1267 932 1342 1002 roli
1359 934 1447 1027 lmp.
1466 950 1500 1004 et
1516 937 1668 1005 aliorum
1678 932 1819 1024 Regum
1833 933 1948 1004 teneri
1963 948 2133 1026 tanquam
2150 934 2252 1023 capti-

1266 1062 1338 1122 vos,
1365 1062 1429 1106 nec
1447 1038 1549 1106 aliter
1563 1038 1786 1129 respondisse
1802 1051 2013 1131 tyrannum,
2041 1034 2111 1102 nisi
2129 1058 2165 1102 sc
2180 1035 2251 1104 illos

1265 1140 1303 1208 in
1319 1141 1488 1209 comitatu
1503 1165 1621 1209 secum
1637 1141 1674 1207 in
1690 1138 1913 1209 Pannoniam
1929 1140 2161 1208 reducturum
2177 1161 2249 1208 esse.

1367 1241 1534 1335 Synodus
1548 1237 1774 1310 Tridentino
1792 1241 1959 1332 dissipata
1977 1253 2040 1314 est.
2085 1236 2183 1309 Bene
2197 1264 2249 1308 va·

1265 1344 1308 1418 le.
1362 1343 1521 1415 Salutem
1538 1357 1621 1437 opto
1639 1342 1683 1419 D.
1700 1343 1849 1415 Ductori
1864 1337 2028 1412 Antonio
2052 1337 2160 1416 1545.
2204 1427 2206 1431 ι

1917 1476 1958 1552 Ρ.
1982 1472 2205 1548 Melanthea.

1263 1723 2243 1738 mmm-..anm

2099 1906 2158 1967 16.
2169 1896 2241 1965 Nor.

2086 1988 2248 2019 Μ

1608 2025 1902 2202 Ι(δίιιιίίοδίε.)

1364 2273 1473 2345 Scripta
1492 2272 1566 2343 publ.
1585 2270 1673 2326 abead.
1691 2269 1820 2326 Witteb.
1838 2269 1872 2329 Τ.
1888 2270 1909 2324 1.
1929 2289 1957 2343 p.
1972 2269 2032 2328 189.

1309 2422 1512 2526 Philippus
1546 2421 1779 2497 Melanthea
1822 2422 2214 2522 (Scholasticis.)

1261 2550 1509 2658 Tempestates
1526 2567 1716 2656 significari
1739 2567 1858 2658 positu
1874 2567 2079 2650 stellarum,
2113 2561 2185 2637 hoc
2197 2591 2253 2636 au-

1263 2698 1310 2740 no
1335 2670 1535 2740 illustribus
1551 2669 1719 2761 exemplis
1735 2669 1969 2738 animadverti
1983 2669 2120 2760 potuit.
2170 2668 2252 2740 Nam

1262 2775 1398 2844 siccitas
1414 2785 1493 2863 post
1508 2770 1639 2842 lulium
1653 2772 1809 2860 insignes
1825 2795 1946 2841 causas
1963 2766 2106 2856 habuit,
2133 2787 2255 2865 etpost

1263 2880 1502 2946 duosmenscs
1519 2886 1710 2966 coeperunt
1731 2868 1874 2964 exiguae
1894 2875 2038 2965 pluviae
2060 2898 2156 2958 esse,
2181 2900 2255 2945 cum

1261 2978 1365 3049 Luna
1384 2979 1482 3047 venit
1499 2978 1544 3047 ad
1562 2972 1709 3046 humida
1725 2977 1843 3066 signa3
1871 2990 1905 3047 et
1923 3000 2020 3061 nunc
2039 2991 2095 3046 est
2110 2977 2153 3045 in
2168 2976 2254 3049 Can·

1262 3107 1341 3166 cro,
1373 3096 1407 3152 et
1435 3081 1614 3149 concurrit
1635 3077 1842 3149 Haedorum
1870 3091 1905 3148 et
1926 3074 2080 3148 Orionis
2104 3105 2252 3167 occasus,

1261 3186 1305 3253 de
1332 3209 1402 3276 quo
1431 3179 1622 3276 Virgilius
1652 3181 1788 3274 inquit:
1827 3178 2020 3250 Nimbosus
2045 3177 2173 3252 Orion
2197 3197 2254 3257 etc.

1259 3285 1397 3356 Harum
1412 3309 1532 3355 rerum
1547 3285 1746 3354 doctrinam
1762 3307 1879 3352 amare
1894 3283 1982 3353 utile
1996 3298 2062 3355 cst.
2090 3281 2150 3355 lbi
2166 3287 2256 3355 enim

1260 3402 1295 3459 et
1311 3383 1378 3456 hoc
1401 3387 1638 3457 animadverti
1661 3398 1794 3478 potest,
1819 3384 1935 3456 Deum
1951 3387 2255 3476 sapientissimum

1260 3491 1408 3561 consilio
1434 3490 1482 3558 ita
1510 3491 1692 3558 ordinasse
1713 3501 1813 3558 ortus
1835 3503 1869 3558 et
1885 3511 2051 3574 occasus,
2078 3503 2120 3560 ut
2146 3505 2254 3562 terrae

1258 3596 1469 3666 conducant.
1521 3590 1605 3661 ldco
1630 3615 1756 3660 enarro
1779 3583 1984 3659 Ptolemaei
1999 3588 2253 3686 Quadriparti-

1258 3712 1352 3776 tum,
1387 3709 1419 3765 et
1445 3690 1552 3763 hodie
1579 3690 1667 3762 hora
1691 3693 1794 3764 tertia
1819 3695 2014 3762 secundum
2039 3694 2183 3764 librum
2202 3698 2252 3765 in-

1257 3795 1412 3881 choabo,
1439 3798 1500 3889 qui
1520 3797 1658 3866 erudite
1673 3797 1715 3864 de
1731 3795 1997 3887 tempestatibus
2014 3808 2052 3864 et
2068 3798 2252 3886 regionum

1275 1895 1341 1965 Nu.
1357 1896 1469 1968 3312.

1271 1994 1483 2030 Μ

207 3897 259 3988 git
273 3894 456 3968 historiam
473 3895 552 3969 heri
567 3914 676 3970 totam
693 3901 730 3968 in
751 3925 858 3969 coena
882 3899 926 3974 D.
942 3900 1076 3973 Doctor
1089 3902 1203 3972 Mar-
1254 3900 1392 3969 vicibus
1410 3899 1563 3969 disserit.
1613 3896 1733 3986 Quare
1750 3892 1986 3969 scholasticos
2002 3893 2195 3986 adhortor,
2218 3915 2253 3972 ut

169 4029 172 4035 ⁴
207 4000 320 4086 tinus,
346 4003 513 4094 adquam
530 4005 564 4071 d.
581 3997 783 4086 Pastorem,
806 3991 1056 4097 Crucigerum
1083 4001 1200 4077 Geor·
1252 4003 1508 4097 frequentiores
1525 4001 1682 4073 audiant.

204 4099 310 4197 gium
325 4098 513 4173 Maiorem
531 4118 636 4174 etms
652 4101 846 4199 vocarat¹),
871 4122 910 4178 ut
925 4108 1050 4177 solitus
1065 4125 1131 4195 est,
1158 4136 1199 4181 co

207 4206 264 4275 dic
280 4207 410 4276 amicos
424 4231 560 4279 vocare.
618 4205 709 4275 Nam
727 4209 841 4298 pridie
859 4209 1011 4279 Martini
1028 4227 1130 4282 natus
1149 4228 1200 4284 est

203 4300 415 4394 Lutherus,
438 4332 478 4377 ac
503 4332 598 4377 nune
622 4304 766 4380 inchoat
787 4335 921 4380 annum
944 4315 1198 4403 sexagesimum

205 4412 412 4485 seeundum.
465 4404 544 4480 Oro
565 4424 683 4480 autem
694 4409 829 4497 Deum,
854 4428 895 4484 ut
910 4429 1023 4485 servet
1045 4430 1080 4486 et
1102 4433 1197 4507 regat

202 4512 283 4603 pios
309 4510 496 4597 Doctores,
530 4513 707 4605 principes
729 4529 762 4585 et
782 4515 957 4601 civitates,
984 4543 1073 4608 quae
1092 4544 1196 4609 prae-

201 4615 288 4684 bent
302 4610 454 4705 hospitia
472 4616 637 4700 ecclesiis,
660 4617 750 4686 sicut
766 4641 906 4708 sperare
920 4644 985 4687 nos
1000 4622 1110 4706 iussit,
1138 4624 1195 4691 in-

201 4716 344 4809 quiens:
377 4713 539 4799 Beatus,
567 4716 633 4815 qui
655 4715 832 4812 intelligit
856 4745 965 4819 super
987 4744 1137 4813 egenum
1162 4735 1194 4794 et

196 4841 393 4914 pauperem
402 4846 415 4896 ;
444 4813 559 4888 indie
580 4817 686 4888 mala
708 4819 880 4891 liberabit
898 4848 976 4893 eum
993 4821 1193 4898 Dominus.

198 4919 330 5010 Magna
348 4923 505 5014 profecto
522 4924 676 5014 pericula
700 4926 875 4994 sustinent
898 4928 1076 5019 principes
1094 4945 1127 5000 et
1143 4933 1193 4999 ci-

1250 4330 1447 4437 Nosses.

1251 4461 1454 4490 m

1592 4219 1938 4228 ‘mm-u-..—
1944 4220 1980 4226 -...
1988 4221 2095 4229 ...-,,,,-
2108 4224 2141 4230 ,ᾗ
2160 4225 2182 4232 ⁶·
2190 4225 2249 4234 „⁶-

2086 4380 2143 4441 16.
2163 4372 2237 4437 Nor.

2072 4465 2242 4494 w

1587 4560 1637 4646 B.
1669 4556 1902 4649 Seballern

1316 4741 1402 4815 Epist.
1423 4741 1471 4797 lib.
1489 4740 1525 4794 ll.
1543 4759 1569 4812 p.
1584 4738 1645 4792 476.
1665 4735 1742 4806 (edit.
1762 4733 1849 4792 Lond.
1867 4737 1902 4793 ll.
1921 4756 1967 4811 ep.
1982 4738 2072 4812 506).

1399 4897 1453 4972 D.
1480 4894 1814 4970 Bartolomaeo
1840 4892 2096 4972 Schallero

142 5072 143 5075 ,
197 5023 340 5108 vitates,
375 5020 527 5117 hospitia
556 5026 710 5095 ecclesiis
739 5024 807 5095 Dei
837 5032 1053 5119 praebentes.
1120 5033 1190 5103 Sed
1243 5002 1287 5094 S
1305 5021 1349 5096 D·
1401 5019 1615 5093 Charlsslme
1638 5017 1682 5088 D·
1708 5018 1976 5104 Bast⁰l⁰ffl³²⁰‚
2011 5019 2131 5115 Saepe
2158 5020 2244 5094 mibi

196 5147 319 5216 spero,
344 5124 460 5196 Deum
479 5128 528 5195 eis
544 5130 748 5197 adfuturum
767 5153 851 5204 esse.
889 5130 961 5201 Nos
978 5160 1119 5227 quoquc
1136 5139 1191 5205 (li.
1243 5126 1409 5216 cogitanti
1438 5127 1481 5193 de
1502 5123 1701 5216 Republica
1723 5136 1757 5192 et
1781 5125 1826 5190 de
1848 5123 2053 5212 posteritate
2082 5129 2124 5196 in
2150 5142 2244 5198 tauta

193 5227 344 5318 ligenter
367 5254 483 5299 mores
507 5244 648 5299 nostros
671 5254 850 5321 regamus,
877 5258 921 5303 nc
946 5237 1189 5310 abiiciamura
1242 5229 1474 5322 imperiorum
1504 5227 1752 5318 (ῙῐὸδῑΡδῑῐῡῦθ,
1784 5225 1873 5296 lenit
1900 5238 2024 5296 lamen
2055 5224 2145 5301 haec
2176 5255 2243 5302 una

1245 5432 1452 5446 u——m———u-t-

195 5438 397 5447 ..n—...n—

226 5557 253 5624 1)
269 5555 359 5610 Dana.
379 5575 411 5610 ex
429 5552 639 5612 emendatione:
658 5566 817 5610 voraverat.
1273 5558 1301 5626 9)
1320 5559 1410 5617 Dana.
1431 5554 1562 5611 mendose
1578 5553 1737 5624 quisquam.
