4868 6420
873 327 1310 409 EPISTULARUM
1367 333 1473 411 LlB.
1506 332 1574 408 tx.
1628 332 1759 409 1545.
2289 344 2340 411 40

402 494 514 566 Nobis
534 509 651 567 autem
675 495 849 586 profuisse
871 496 969 568 illam
999 499 1291 570 instaurationem
1345 501 1410 568 bus
1431 498 1648 582 adscribere,
1679 514 1720 569 ut
1744 522 1821 568 mea
1845 523 1945 569 causa
1972 501 2121 571 labores.
2172 499 2246 571 Etsi
2273 507 2339 571 uli-

233 600 238 611 *
305 610 452 671 constat.
502 596 608 669 Tunc
630 599 725 667 enirn
750 598 789 666 in
810 596 949 669 ltaliam
973 597 1102 671 Graeci
1122 596 1307 691 importa-‘
1345 601 1431 694 quid
1447 600 1556 669 studii
1571 600 1701 668 addere
1715 613 1749 668 te
1765 601 1847 671 volo
1864 626 1940 670 mea
1958 626 2080 685 causa,
2106 618 2222 673 tamen
2238 606 2337 682 scias,

302 712 390 771 runt
409 699 606 793 doctrinam
636 699 822 770 cultiorem
845 694 1135 796 Trapezontius‚
1168 696 1299 786 Gaza,
1345 715 1485 773 tantum
1509 700 1581 769 vim
1606 700 1760 789 ingenii,
1786 715 1919 772 tantam
1943 703 2181 773 cruditionem
2204 701 2339 774 llicro·

304 794 520 881 lascarus,
547 793 814 896 Argyropolis,
841 794 1113 873 Tarchoniotes
1134 817 1168 874 et
1189 801 1295 873 multi
1346 802 1446 896 nymi
1466 825 1556 885 esse,
1587 814 1721 870 tantam
1752 827 1893 872 morum
1923 805 2145 892 gravitatem,
2176 819 2218 875 ut
2245 808 2337 874 nulli

288 903 381 989 ,alii
431 900 551 990 Quare
569 916 684 973 etnos
703 903 885 971 foveamus
906 903 1057 993 ingenia.
1106 901 1157 976 Et
1177 919 1296 976 tamen
1347 904 1475 974 iustius
1520 902 1711 973 collaturos
1757 929 1821 974 vos
1866 905 2083 997 stipendium
2128 906 2337 980 existimem.

307 1027 410 1095 spero
426 1000 656 1074 Germaniam
674 1006 913 1097 repressuram
935 1028 1008 1077 esse
1024 1005 1173 1081 Turcos.
1225 1004 1296 1077 Sed
1348 1004 1481 1094 Magno
1491 1003 1565 1074 erit
1580 1017 1787 1073 ornamento
1810 1004 1947 1097 patriae
1971 1020 2114 1097 propter
2128 1004 2338 1077 Doctrinam

294 332 365 425 59,

304 1100 391 1176 haec
412 1104 508 1178 alias.

405 1235 460 1308 De
476 1235 722 1332 Hieronymo,
745 1253 918 1332 quantum
939 1251 1057 1331 potes,
1081 1239 1297 1323 contendito,

308 1354 368 1422 ut,
393 1341 490 1432 quod
507 1342 679 1432 petimus,
705 1341 944 1433 impetremus,
970 1355 1073 1434 teque
1091 1341 1297 1426 existimato,

307 1437 398 1510 mihi
415 1465 489 1510 rem
504 1442 739 1530 gratissimam
754 1442 927 1513 facturum
944 1464 1036 1525 esse,
1062 1442 1092 1510 si
1106 1438 1198 1511 hanc
1214 1466 1297 1511 cau-

308 1566 383 1611 sam
410 1542 600 1635 diligenter
627 1557 662 1613 et
690 1535 879 1624 συντόνως
909 1538 973 1615 καὶ
1001 1541 1155 1625 ἐκτενῶς
1174 1545 1295 1634 egeris.

307 1641 406 1715 Bene
422 1645 512 1719 vale.
562 1643 630 1716 Die
648 1646 707 1722 15.
723 1642 829 1719 Febr.
901 1662 904 1666 ’

819 1772 1007 1870 Philippus
1022 1772 1247 1849 Melanthon.

310 1964 1204 1983 *Μαι-Μ*-
1208 1964 1291 1973 mun-.—

305 2093 372 2165 No.
385 2091 499 2168 2640.

312 2189 484 2221 Μ

1144 2094 1297 2166 13.Febr.

1142 2188 1282 2218 Μ

575 2278 633 2361 Η.
664 2275 1026 2390 Boumgartnerp.

374 2454 459 2526 Epist.
479 2453 527 2509 lib.
541 2454 589 2511 Vl.
607 2454 697 2524 plu?
710 2473 769 2527 sqq.
792 2485 828 2498 -
868 2455 921 2508 uie
937 2472 967 2507 es
987 2448 1155 2523 autographo
1176 2450 1205 2504 in
1224 2450 1296 2506 cod.

411 2524 522 2580 Monac.
532 2523 555 2577 l.
571 2541 598 2594 p.
613 2523 657 2582 82.

182 2738 187 2748 .
214 2681 219 2691 '
307 2675 467 2757 Clarias.
483 2689 515 2753 et
530 2677 666 2778 optimo
683 2679 771 2762 viro,
796 2675 849 2754 D.
859 2679 1143 2773 Hieronymo
1158 2672 1197 2747 B
1205 2703 1296 2748 om-

357 2791 601 2880 garnero,
626 2778 801 2852 Senatori
819 2777 1018 2875 Noribcrg.
1038 2803 1106 2850 suo
1127 2779 1246 2849 amico

739 2905 866 2959 carus.

306 2995 351 3088 S.
375 3012 420 3088 D.
469 3009 548 3085 Etsi
561 3014 715 3086 arbitror
727 3014 791 3085 tibi
807 3028 931 3087 notum
947 3037 1019 3084 esse
1028 3009 1295 3105 Hieronymum

308 3111 517 3199 Schrader,
545 3130 660 3187 tamen
682 3117 713 3185 si
736 3118 779 3186 de
802 3115 877 3187 eius
900 3115 1060 3205 ingenio,
1085 3113 1296 3201 eruditione,

309 3219 478 3309 gravitate
498 3210 639 3287 morum
664 3231 767 3289 testes
790 3216 959 3309 requiris,
989 3218 1113 3286 audire
1135 3209 1296 3286 Scirone-

312 3344 391 3389 rum
416 3334 451 3390 et
477 3315 520 3392 V
516 3316 607 3388 itum
636 3320 779 3412 poteris.
836 3316 947 3389 Plane
978 3317 1026 3388 ita
1057 3318 1197 3417 iudico,
1230 3342 1295 3389 nec

310 3423 487 3492 dexterius
501 3420 683 3511 ingenium
700 3408 739 3489 in
753 3414 821 3490 hac
838 3415 958 3489 schola
982 3442 1074 3502 esse,
1098 3444 1163 3489 uec
1179 3420 1295 3489 ullum

310 3547 352 3593 ex
373 3522 637 3593 Professoribus
658 3522 852 3592 doctiorem
878 3544 951 3590 esse
971 3520 1008 3588 in
1034 3535 1107 3593 tota
1129 3515 1293 3591 Philoso-

307 3620 403 3714 phia.
455 3623 586 3696 Scribit
602 3623 752 3693 solutam
770 3623 982 3706 orationem,
1005 3634 1038 3692 et
1060 3646 1199 3692 carmen
1220 3623 1295 3691 soe-

307 3726 439 3811 liciter,
471 3738 566 3797 tenet
587 3719 822 3809 Mathemata,
855 3738 891 3795 et
911 3718 1147 3815 Philosopbos
1175 3745 1294 3812 graece

308 3828 392 3918 legit
408 3828 578 3919 expedite.
629 3824 791 3918 Cumque
812 3826 882 3893 iam
906 3826 949 3893 de
969 3820 1219 3893 Mathematicus
1241 3824 1294 3893 le-

308 3931 425 4001 ctione
439 3924 497 3999 hic
515 3929 787 4010 deliberaretur,
816 3925 919 3996 multi
936 3950 1012 3995 eam
1027 3924 1190 3995 mandari
1203 3920 1295 3994 Hie-

310 4053 463 4124 ronymo
479 4030 678 4121 cupiebant·
728 4025 798 4098 Sed
821 4018 921 4096 alter*
935 4025 1021 4097 civis
1041 4040 1155 4097 vester
1169 4021 1294 4097 Eras-

307 4156 389 4200 mus
406 4124 564 4200 Flaccus
579 4128 705 4224 petivit
719 4129 802 4199 satis
814 4129 955 4212 sedulo,
980 4142 1013 4198 et
1038 4126 1093 4195 vel
1116 4128 1198 4222 quia
1218 4152 1294 4198 ma-

307 4234 359 4322 gis
375 4247 468 4322 eget,
489 4234 545 4301 vel
560 4233 642 4326 quia
661 4230 817 4300 studium
835 4230 960 4299 adfinis
976 4224 1144 4313 habebat,
1169 4228 1294 4300 lectio-

304 4358 387 4404 nem
413 4333 580 4408 obtinuit.
628 4330 720 4405 Cum
750 4345 867 4402 autem
894 4324 1144 4425 Hieronymus
1176 4332 1294 4432 cupiat

306 4431 504 4505 studiorum
522 4457 621 4505 causa
641 4433 868 4527 peregrinari,
896 4446 932 4502 et
947 4431 1201 4523 patrimonium
1217 4455 1294 4502 sus-

1239 1150 1249 1163 --
1348 1101 1654 1188 Mathematicam,
1676 1118 1820 1196 propter
1835 1131 1941 1199 quam
1955 1107 2077 1178 civitas
2093 1123 2208 1179 vestra
2222 1111 2339 1178 omni-

1348 1204 1416 1277 bus
1432 1207 1582 1277 eruditis
1595 1204 1709 1277 carior
1729 1219 1792 1281 est.
1844 1205 1966 1296 Quid?
1998 1211 2092 1303 quod
2116 1233 2231 1279 mores
2254 1226 2338 1281 sunt

1348 1308 1545 1393 eiusmodi,
1580 1319 1623 1377 ut
1643 1306 1756 1375 civem
1778 1330 1937 1397 gravem,
1976 1325 2012 1380 et
2032 1311 2179 1401 dignum
2205 1312 2339 1402 patriae

1348 1412 1423 1479 sore
1447 1408 1612 1483 iudicem.
1669 1404 1820 1500 Propter
1851 1404 1913 1479 bas
1935 1435 2056 1481 causas
2077 1406 2167 1480 mihi
2191 1436 2271 1481 cum
2295 1438 2337 1482 eo

1349 1510 1500 1580 amicitia
1531 1520 1606 1593 cst,
1653 1532 1742 1601 quae
1775 1510 1911 1581 utinam
1944 1513 2053 1602 possit
2084 1513 2117 1581 ei
2152 1514 2335 1603 prodesse!

1349 1610 1522 1700 Magnum
1537 1634 1594 1677 me
1608 1606 1819 1680 beneficium
1836 1615 2008 1703 accepisse
2022 1614 2084 1683 abs
2103 1628 2135 1683 te
2159 1615 2336 1695 iudicabo,

1350 1713 1378 1782 si
1400 1710 1641 1804 Hieronymus
1669 1710 1888 1801 impetrabit,
1919 1716 2013 1807 quod
2041 1715 2226 1806 petimus,
2246 1728 2280 1784 et
2300 1732 2339 1785 tu

1350 1813 1523 1904 intelliges
1536 1809 1752 1902 stipendium
1768 1809 2003 1885 inhominem
2025 1815 2248 1906 ingeniosum
2264 1817 2335 1885 uti·

1348 1915 1432 1984 liter
1459 1912 1670 1987 collocatum
1700 1935 1784 1990 esse.
1843 1914 1944 1987 Bene
1964 1916 2054 1991 vale.
2086 1917 2145 1987 die
2171 1917 2231 1991 13.
2253 1915 2338 1987 Feb.

1353 2012 1462 2091 1543.

1857 2129 2045 2226 Philippus
2061 2128 2287 2209 Melanthon.

2058 2351 2337 2367 ‘w-

1348 2491 1414 2564 No.
1436 2494 1549 2569 2641.

1347 2594 1556 2632 Μ

1606 2675 1792 2794 Georgio
1820 2678 2078 2766 Anbaltino.

1416 2850 1486 2909 Met.
1504 2855 1596 2914 select.
1609 2854 1694 2930 Epist.
1713 2875 1742 2931 p.
1754 2857 1816 2914 277.
1850 2859 1954 2916 lterum
1973 2859 2001 2916 in
2016 2859 2085 2933 Epp.
2106 2859 2156 2915 tib.
2168 2859 2191 2916 l.
2207 2859 2269 2921 102.
2283 2860 2337 2927 (ed.

1449 2921 1568 2982 Londin.
1582 2925 1603 2980 i.
1615 2945 1643 3000 p.
1652 2928 1720 2998 49.)-

2162 2592 2331 2623 Μ

1479 3077 1535 3153 1).
1558 3076 1768 3178 Georgia,
1788 3077 1959 3183 Principi
1972 3079 2224 3161 Anhaldino.¹
2346 3078 2353 3095 ’

1346 3193 1390 3283 S.
1407 3209 1463 3313 D·
1519 3215 1601 3288 Scio
1621 3214 1663 3292 C.
1687 3214 1732 3287 T.
1758 3242 1860 3310 saepe
1885 3219 1930 3288 de
1961 3220 2174 3290 tumultibus
2207 3216 2335 3291 horum

1348 3331 1546 3407 temporum
1561 3331 1755 3407 gementem
1771 3319 1939 3409 cogitare,
1966 3334 2001 3391 et
2023 3319 2197 3411 imprimis
2212 3319 2336 3392 Eccle-

1346 3416 1418 3487 siae
1443 3418 1656 3489 vastationes
1685 3434 1720 3490 et
1746 3421 1930 3491 interitum
1955 3421 2139 3491 literarum
2168 3438 2335 3494 metuere.

1347 3515 1589 3608 Agnoscamus
1604 3534 1722 3591 autem
1738 3516 1803 3591 bos
1816 3535 1956 3605 motus,
1976 3546 2108 3613 poenas
2122 3547 2195 3593 esse
2208 3523 2336 3594 mundi

1346 3619 1478 3706 fatales,
1491 3644 1627 3715 nosque
1641 3617 1706 3693 hae
1720 3623 1962 3693 consolatione
1976 3638 2221 3709 sustentemus,
2236 3626 2333 3718 quod

1347 3735 1481 3791 certum
1502 3736 1554 3793 est
1576 3720 1709 3809 Deum,
1737 3735 1777 3794 ut
1799 3725 1836 3792 in
1858 3725 1948 3794 mari
1969 3726 2097 3811 rubro,
2121 3734 2232 3795 'sumn
2255 3751 2334 3796 coe-

1346 3836 1422 3892 tum
1437 3819 1659 3902 servaturum
1672 3847 1756 3898 csse.
1807 3823 1927 3913 Quare
1942 3821 2084 3895 iuterim
2101 3841 2134 3897 et
2150 3850 2228 3912 nos,
2255 3828 2335 3920 qui-

1347 3924 1413 3993 bus
1429 3920 1546 3994 adhuc
1561 3926 1723 3995 concedit
1743 3924 1873 4010 otium,
1898 3927 1976 3997 vult
1999 3928 2122 3998 sedulo
2143 3928 2182 3997 in
2204 3952 2335 4021 propa-

1346 4025 1522 4113 gationem
1543 4026 1726 4096 literarum
1749 4040 1786 4097 et
1805 4027 1968 4098 salutaris
1993 4029 2176 4100 doctrinae
2194 4030 2334 4123 incum-

1347 4128 1447 4211 bere,
1474 4139 1508 4195 et
1521 4127 1716 4209 iuuentutis
1729 4129 1845 4197 studia
1860 4130 2071 4214 accendere,
2096 4145 2133 4201 et
2151 4134 2196 4201 ad
2218 4144 2334 4223 poste·

1346 4251 1405 4296 ros
1428 4228 1529 4320 quasi
1557 4226 1837 4313 Patrimonium,
1877 4230 1989 4300 bonas
2015 4247 2109 4302 artes
2141 4232 2333 4305 illustratus

1346 4329 1602 4416 transmittere,
1628 4333 1724 4423 quod
1740 4343 1780 4401 ut
1792 4329 1977 4416 faciamus,
2003 4347 2094 4403 certe
2109 4335 2335 4405 mediocriter

1345 4428 1552 4500 annitimur.
1605 4429 1677 4502 Sed
1695 4429 1878 4523 Principes
1907 4434 2006 4505 dccet
2032 4429 2139 4505 huius
2167 4430 2334 4527 pulcher·

306 4538 419 4607 tinere
443 4536 602 4627 sumptus
633 4534 768 4605 diutius
787 4558 860 4603 non
883 4534 1010 4623 possit,
1035 4547 1138 4619 orat,
1167 4546 1208 4603 nt
1229 4534 1294 4603 sti·
1345 4531 1429 4599 rimi
1452 4530 1583 4601 laboris
1603 4527 1839 4631 oiywrode'wc
1859 4557 1954 4618 csse,
1982 4535 2130 4605 excitare
2152 4550 2187 4606 et
2205 4560 2333 4628 prore-

306 4639 475 4730 peudium
496 4636 695 4721 Medicum,
727 4637 822 4728 quod
844 4626 980 4704 Flacco
999 4628 1169 4703 hactenus
1191 4635 1292 4703 dedi·
1347 4627 1429 4702 bere
1449 4632 1614 4723 ingenia.¹
1653 4631 1736 4722 Quo
1751 4636 1789 4702 in
1807 4657 1933 4723 genere
1959 4649 2018 4705 tua
2039 4636 2233 4708 liberalitas
2257 4662 2332 4708 non
2400 4684 2409 4701 .

306 4741 387 4825 stis,
419 4739 580 4809 nuncin
610 4761 647 4807 se
675 4736 914 4811 transferatur.
971 4732 1075 4806 Certe
1097 4735 1127 4803 si
1151 4734 1292 4804 scissem
1344 4736 1441 4802 deest
1456 4728 1684 4807 scholasticis.
1733 4730 1812 4805 Etsi
1829 4748 1943 4805 autem
1960 4736 2031 4806 scio
2050 4731 2331 4830 horumtempo·

306 4838 391 4912 haec
407 4844 451 4910 de
468 4839 700 4932 patrimonio,
735 4836 798 4907 etsi
815 4830 946 4906 Flacci
964 4849 1167 4928 paupertate
1187 4837 1290 4906 etiam
1344 4859 1425 4905 rum
1453 4834 1721 4904 difficultatibus
1749 4850 1784 4905 et
1812 4835 2019 4928 Principum
2048 4840 2331 4931 etpriratorum

303 4944 491 5027 movebar,
516 4957 633 5012 tamen
647 4964 711 5032 pro
722 4936 950 5032 Hieronymo
965 4939 1075 5027 magis
1088 4937 1291 5009 contendis·
1343 4936 1568 5006 oeconomias
1597 4936 1820 5021 conturbari,
1853 4951 1973 5006 tamen
2000 4938 2085 5030 ipsis
2110 4942 2331 5033 temporibus

302 5068 394 5127 sem,
427 5068 507 5111 cum
528 5038 587 5112 hic
609 5043 652 5111 de
674 5039 824 5109 lectione
854 5054 1026 5130 ageretur.
1080 5035 1130 5107 Et
1150 5038 1290 5107 volente
1343 5037 1580 5118 condonabis,
1611 5039 1708 5130 quod
1728 5038 1840 5109 nostri
1863 5039 2000 5109 ordinis
2026 5036 2187 5113 homines
2211 5044 2332 5134 plures

303 5145 383 5215 aula
406 5158 562 5234 poteram
585 5144 757 5214 anteferre
775 5137 1045 5234 Hieronymum.
1097 5137 1201 5208 Nunc
1222 5139 1289 5228 igi·
1342 5139 1386 5208 ad
1402 5151 1436 5208 te
1453 5137 1673 5227 confugiunt.
1724 5137 1834 5210 Pauci
1856 5141 1951 5208 enim
1971 5155 2054 5212 sunt
2076 5142 2137 5211 alii
2161 5144 2224 5237 qui
2247 5144 2331 5215 lite-

301 5261 360 5325 tur
377 5270 452 5323 oro,
479 5257 519 5314 ut
535 5244 657 5313 virtuti
673 5231 966 5334 Hieronymi'hoc
984 5240 1128 5324 tribuas,
1151 5253 1192 5310 ut
1207 5265 1287 5310 eum
1342 5262 1398 5309 ras
1419 5237 1620 5329 respiciant.
1680 5234 1773 5311 Cum
1801 5253 1920 5311 autern
1943 5238 2124 5335 ttigclius
2152 5245 2331 5337 praeclare

300 5346 447 5417 Senatui
466 5346 705 5426 commendes,
738 5366 777 5412 ac
801 5344 976 5433 perficias,
1006 5354 1047 5412 ut
1070 5342 1286 5431 stipendium
1340 5341 1436 5411 iuvet
1448 5354 1482 5411 et
1497 5353 1598 5410 ornet
1612 5338 1794 5409 literarum
1812 5339 1947 5422 studia,
1981 5343 2330 5438 ricissimaliepub.

301 5448 469 5519 obtineat.
524 5443 706 5515 Interdum
729 5444 823 5515 soleo
843 5438 952 5515 inhis
970 5441 1286 5514 commendationi·
1340 5443 1521 5512 ornandus
1537 5454 1620 5512 erat.
1669 5437 1748 5512 Etsi
1765 5440 1861 5512 enim
1876 5440 1979 5514 ltalia
1996 5458 2067 5516 una
2085 5446 2226 5517 ridetur
2248 5471 2330 5519 sua-
