4868 6420
193 351 268 429 211

299 520 350 597 Ut
374 525 485 618 igitur
507 526 745 602 Athanasium
769 528 927 606 Ecclesia
951 530 1193 607 Alexandrina

200 628 355 700 vocavit:
389 631 439 701 sic
459 645 515 718 te,
548 636 597 704 sic
620 636 768 724 collegas
790 632 927 731 tuos⁵),
960 639 1067 708 vestri
1082 638 1195 709 Sena-

203 744 318 815 tores,
356 732 420 822 qui
451 730 576 831 sunt⁶)
604 739 792 828 praecipua
816 734 994 808 Ecclesiae
1024 741 1195 820 membra,

204 846 391 904 vocarunt:
415 832 487 906 Nec
503 840 627 924 refert,
653 863 760 931 quam
776 840 897 909 multis
915 841 954 909 in
969 840 1102 911 Senatu
1119 842 1196 932 pla-

206 948 299 1020 ceat,
331 936 414 1004 satis
432 952 485 1008 est
501 940 638 1033 aliquos
655 965 745 1024 esse,
778 942 840 1034 qui
856 943 1078 1032 praecipuam
1095 957 1196 1013 auto-

206 1037 347 1108 ritatem
370 1030 521 1125 habent,
562 1056 597 1113 et
620 1042 694 1111 eius
715 1040 893 1113 Ecclesiae
917 1045 1076 1114 membra
1101 1057 1197 1129 sunt,

206 1140 252 1208 ad
268 1164 374 1232 quam
390 1141 585 1212 docendam
601 1145 715 1214 vocati
732 1145 812 1213 estis
821 1141 860 1237 ⁷).

311 1239 406 1311 Haec
436 1245 616 1314 verissima
645 1259 678 1315 et
701 1246 959 1335 simplicissima
986 1262 1083 1317 sunt:
1125 1246 1198 1316 Nec

209 1341 358 1411 dubium
374 1358 440 1429 est,
464 1371 526 1414 vos
544 1347 634 1417 iuste
650 1361 810 1433 vocatos,
843 1362 878 1418 ct
893 1349 1067 1437 legitimos
1089 1349 1198 1418 mini-

210 1457 300 1512 stros
317 1467 408 1530 esse,
429 1460 463 1515 et
479 1472 554 1516 non
568 1472 641 1518 esse
656 1443 1055 1542 ἅλλοτριοεπισκόπους.

311 1544 397 1618 Post
410 1549 705 1620 vocationem'seu
722 1552 925 1620 electionem
945 1552 1031 1620 olim
1057 1553 1198 1620 accede-

209 1648 272 1718 bat
289 1651 550 1740 comprobatio,
583 1677 672 1746 quae
694 1654 798 1721 fiebat
819 1678 882 1744 per
898 1653 1033 1722 vicinos
1050 1649 1199 1744 Episco-

209 1772 292 1839 pos,
317 1751 423 1837 duos,
448 1766 509 1822 aut
524 1767 612 1838 tres,
642 1767 684 1824 ut
708 1755 856 1824 recitant
872 1756 1003 1824 multae
1020 1751 1198 1826 historiae.

209 1847 261 1918 Hi
283 1874 407 1920 manus
431 1853 662 1948 imponebant
682 1856 802 1928 electo.
866 1854 974 1926 Hunc
1002 1881 1138 1925 morem
1166 1872 1200 1926 et

210 1975 277 2021 nos
300 1975 497 2037 servamus,
538 1971 578 2026 ut
598 1957 682 2042 scis,
720 1981 759 2025 ac
782 1959 937 2026 delector
962 1958 1043 2027 ritu.
1108 1958 1198 2028 Nam

210 2053 390 2144 impositio
415 2081 541 2127 manus
566 2059 762 2128 celebratur
783 2059 822 2126 in
839 2057 989 2139 Genesi,
1021 2061 1058 2127 in
1086 2056 1200 2129 histo-

210 2156 264 2223 ria
282 2153 405 2236 lacob,
440 2183 520 2228 cum
537 2160 759 2229 benedicitur
772 2161 854 2229 filiis
871 2154 1017 2252 loseph,
1045 2175 1077 2230 et
1099 2163 1200 2230 deiu-

212 2281 291 2347 ceps
309 2253 442 2328 Aaroni
459 2276 492 2330 et
506 2257 637 2355 filiis⁸).
690 2259 778 2329 Item
792 2258 916 2332 hostiis
938 2286 1062 2331 manus
1085 2265 1200 2354 impo-

212 2360 410 2442 nebantur,
444 2375 479 2431 et
497 2358 660 2432 Christus
682 2387 808 2432 malms
828 2365 1033 2453 imponebat
1054 2365 1201 2434 infanti-

209 2458 293 2530 bus:
321 2456 460 2542 ἐπιθεὶς
475 2459 601 2544 αὐτοῖς
614 2457 680 2541 τὰς
691 2466 818 2555 χεῖρας
831 2465 947 2557 inquit
962 2461 1176 2536 Matthaeus.

312 2560 497 2633 Praeterea
522 2588 647 2655 magna
672 2565 860 2634 ministerii
882 2567 935 2636 vis
964 2580 1032 2636 est:
1073 2590 1200 2656 magna

211 2662 374 2753 dignitas.
426 2663 510 2735 ldeo
526 2661 813 2737 honestissimum
830 2682 896 2754 est,
924 2668 1073 2738 electum
1090 2670 1200 2738 mini-

162 2806 166 2815 ι
211 2777 324 2834 strum
348 2764 423 2835 sisti
447 2792 564 2837 coram
580 2766 753 2852 Ecclesia,
784 2771 1022 2838 commendari
1036 2768 1116 2840 Deo
1132 2796 1200 2862 pu-

209 2865 304 2935 blica
326 2869 546 2961 precatione,
585 2871 786 2939 confirmari
817 2872 955 2961 collegii
985 2873 1198 2947 testimonio.

210 2964 307 3039 Haec
323 2969 409 3037 olim
425 2994 561 3042 summa
577 2996 657 3042 cum
673 2972 841 3062 gravitate
857 2975 1005 3058 fiebant,
1027 2988 1067 3044 ut
1082 2971 1199 3045 adhuc

210 3069 287 3138 fieri
303 3072 468 3161 optarim.

311 3172 381 3243 Sed
413 3175 531 3258 vides,
567 3198 657 3267 quae
688 3174 734 3244 sit
765 3176 972 3268 disciplinae
1006 3177 1198 3270 dissipatio.

211 3269 279 3341 Vix
298 3275 342 3342 ab
359 3275 420 3345 illo
437 3276 567 3365 collega
583 3291 644 3347 tuo
662 3278 842 3368 impetrari
858 3292 990 3369 posset,
1022 3295 1062 3350 ut
1077 3282 1122 3348 ad
1145 3293 1198 3350 ta-

209 3373 279 3442 lem
302 3376 408 3453 ritum
432 3377 470 3444 in
494 3379 666 3468 templum
691 3380 837 3452 veniret.
889 3379 929 3450 Si
945 3376 1042 3450 hunc
1061 3406 1195 3452 morem

207 3491 319 3561 amat,
344 3492 385 3548 ut
402 3503 518 3548 amare
535 3503 615 3548 eum
630 3483 744 3564 decet,
770 3505 833 3550 cur
852 3503 925 3548 non
941 3485 1112 3553 renovat?
1147 3484 1196 3555 Et

112 3600 119 3612 ·
207 3577 397 3650 instaurari
419 3581 457 3650 in
479 3578 646 3651 Ecclesiis
669 3581 970 3675 frequentioribus
993 3597 1084 3654 certe
1108 3588 1194 3658 utile

207 3695 305 3753 esset.

307 3781 376 3853 Sed
391 3795 509 3852 tamen
523 3798 557 3855 et
571 3778 639 3854 hoc
654 3786 750 3854 dico:
777 3783 951 3855 Vocatum
968 3808 1028 3857 seu
1044 3789 1192 3859 electum

205 3907 290 3953 voce
307 3907 445 3967 eorum,
475 3909 582 3975 penes
596 3910 685 3978 quos
699 3901 750 3957 est
773 3888 829 3956 ius
853 3888 1047 3957 vocationis
1056 3885 1086 3984 ⁹)
1108 3893 1193 3961 sun-

203 3999 342 4073 gentem
375 3986 570 4056 ministerio
597 3983 803 4078 Evangelii,
842 3989 947 4058 etiam
977 3991 1052 4060 sinc
1080 3995 1190 4062 altero

203 4087 277 4158 ritu
294 4088 531 4178 impositionis
545 4112 733 4174 manuum,
759 4113 840 4159 vere
854 4090 1056 4161 ministrum
1069 4090 1191 4163 Evan-

204 4190 286 4278 gelii
308 4212 397 4275 esse,
432 4214 534 4281 posse
557 4191 699 4277 docere,
730 4202 769 4262 a'c
794 4192 1041 4263 administrare
1065 4194 1191 4266 Sacra·

182 4304 331 4381 menta.
1186 4357 1195 4364 .

303 4389 402 4461 Nihil
427 4393 522 4462 enim
546 4394 645 4464 addit
667 4395 755 4486 iuris
770 4409 829 4464 aut
848 4396 1027 4485 potcstatis
1044 4397 1190 4489 imposi-

202 4492 253 4563 tio
277 4517 462 4563 manuum:
505 4494 575 4565 Sed
603 4508 655 4566 est
677 4497 866 4564 declaratio
891 4511 926 4566 et
947 4501 1189 4590 comprobatio

200 4597 413 4678 vocationis,
443 4599 487 4665 de
507 4621 577 4689 qua
601 4611 760 4666 constare
785 4621 924 4666 necesse
945 4614 1003 4669 est.
1058 4597 1106 4670 Et
1127 4628 1189 4671 va-

200 4695 293 4780 lent,
328 4697 432 4766 etiam
448 4696 669 4767 Sacramenta
691 4712 836 4789 propter
855 4699 1116 4770 ordinationem
1133 4705 1188 4772 di-

199 4798 338 4882 vinam,
362 4799 450 4867 sicut
467 4823 534 4866 vox
551 4795 753 4889 Evangelii:
787 4795 1036 4892 Evangelium
1056 4813 1106 4871 esi
1121 4829 1188 4899 po-

200 4897 315 4968 tentia
330 4894 410 4968 Dei
423 4893 479 4967 od
488 4896 657 4970 salutem.
707 4900 779 4970 Nec
794 4901 966 4973 differunt
980 4905 1055 4972 veri
1069 4922 1187 4997 pasto-

202 5076 401 5092 *-

230 5194 260 5263 5)
279 5193 347 5249 cod.
360 5192 473 5247 Monac.
485 5192 523 5246 sie
534 5190 695 5246 Brentium.

230 5279 260 5344 6)
279 5279 334 5333 Pro
350 5280 398 5348 qut
406 5288 474 5333 sunt
487 5277 548 5333 eod.
562 5278 674 5333 Monac.
687 5276 782 5331 habete
798 5278 829 5330 id
841 5286 891 5332 eet.

228 5368 259 5433 7)
277 5367 325 5434 qui
331 5365 516 5433 praecipuam
530 5373 581 5418 etc.
592 5377 652 5415 non
667 5361 746 5416 habel
756 5363 819 5417 cod.
832 5363 944 5419 Monac.

229 5448 258 5518 8)
275 5448 331 5501 Pro
346 5450 457 5500 Aaroni
468 5457 520 5502 etc.
535 5444 597 5499 cod.
611 5445 740 5499 Monac:
759 5447 789 5498 ia
802 5447 900 5501 arose.

227 5537 256 5608 9)
274 5534 344 5593 cot.
357 5533 467 5591 Monac.
483 5542 605 5588 tantuma
622 5547 688 5587 voce
701 5533 887 5601 superiorum.

777 354 1216 437 EPISTOLARUM
1264 357 1369 437 LlB.
1408 358 1475 438 IX.
1527 356 1659 435 1543.

2160 367 2241 442 212

1246 554 1302 602 res
1328 544 1361 610 et
1381 532 1589 601 mercenarii
1611 527 1680 602 hoc
1700 533 1793 613 ritu,
1833 535 1894 603 sed
1918 534 2089 607 differunt
2113 559 2241 627 genere

1247 634 1445 716 doctrinae,
1469 646 1505 700 et
1521 634 1715 707 voluntate.

1349 733 1457 823 Quod
1480 747 1595 803 autem
1619 734 1830 828 nequidem
1859 736 1961 806 liceat
1988 739 2092 807 nobis
2120 752 2241 831 petere

1247 836 1356 905 ritum
1381 835 1618 905 ordinationis
1641 839 1686 905 ab
1708 834 1912 927 Episcopis‚
1947 840 2009 930 qui
2033 863 2129 910 nunc
2153 841 2242 912 titu-

1248 939 1322 1006 lum
1339 950 1476 1016 tenent,
1501 950 1535 1007 et
1551 938 1761 1029 profitentur
1776 961 1812 1006 se
1827 939 2027 1030 improbare
2042 944 2242 1012 doctrinam

1248 1036 1483 1108 Ecclesiarum
1503 1054 1722 1122 nostrarum,
1748 1041 1937 1111 manifesta
1954 1042 2045 1111 ratio
2062 1057 2129 1112 est:
2156 1045 2241 1136 quia

1249 1141 1426 1209 neminem
1450 1140 1526 1208 sine
1548 1142 1667 1231 impiis
1682 1142 1834 1211 vinculis
1853 1143 2031 1217 ordinant.
2083 1142 2129 1214 Et
2144 1143 2241 1216 Pau-

1249 1244 1304 1311 lus
1327 1243 1460 1334 inquit:
1495 1237 1643 1340 Siquis
1664 1237 2042 1336 aliudEvarrgelium
2068 1241 2242 1330 docuerit,

1250 1337 1451 1412 anathema
1465 1343 1525 1411 sit.

1350 1445 1423 1513 Nec
1447 1458 1630 1535 propterea
1653 1446 1870 1535 extinguitur
1889 1448 2053 1518 universa
2070 1446 2241 1538 Ecclesia,

1250 1548 1310 1616 sed
1335 1543 1495 1628 †manet
1518 1547 1660 1615 ccclesia
1691 1551 1785 1637 apud
1814 1546 1924 1638 nos”;
1963 1551 2028 1620 ubi
2050 1567 2151 1622 sonat
2172 1579 2241 1622 vox

1250 1647 1454 1737 Evangelii,
1488 1649 1539 1717 ibi
1562 1661 1596 1716 et
1622 1649 1875 1734 ministerium,
1909 1650 2023 1721 etius
2048 1653 2241 1739 electionis,

1252 1764 1285 1819 et
1301 1750 1600 1837 comprobationis
1621 1764 1760 1835 manet,
1792 1752 1886 1821 iuxta
1910 1752 2017 1823 illud:
2057 1750 2242 1841 Ascendit,
2301 1835 2307 1844 .

1252 1845 1350 1919 dedit
1373 1846 1472 1918 dona
1499 1843 1730 1936 honrinibuS,
1768 1850 1867 1922 alios
1889 1848 2110 1949 prophetas,
2141 1855 2240 1926 alios

1249 1960 1434 2048 pastores,
1468 1948 1567 2020 alios
1593 1949 1763 2026 doctores.
1814 1952 1958 2024 Certum
1983 1971 2034 2026 cst
2056 1959 2151 2027 enim
2174 1955 2241 2031 hac

1251 2055 1424 2123 sententia
1441 2053 1625 2139 affirmari,
1657 2056 1806 2147 quodin
1820 2052 1997 2144 Ecclesia,
2030 2059 2160 2152 inqua
2183 2086 2241 2130 re-

1251 2170 1304 2226 cte
1321 2169 1422 2224 sonat
1435 2151 1691 2246 Evangelium,
1724 2156 1796 2227 sint
1819 2152 1905 2227 haec
1924 2161 2036 2244 dona,
2069 2162 2115 2232 sit
2132 2163 2241 2231 mini-

1252 2259 1398 2327 sterium
1412 2280 1546 2329 verum.
1579 2253 1690 2338 illac
1706 2283 1762 2327 me
1778 2260 2017 2332 consolatione
2033 2263 2220 2338 sustento.”

1353 2357 1435 2428 Scio
1457 2371 1618 2449 oportere
1637 2372 1841 2451 perpetuam
1865 2385 1939 2431 esse
1959 2360 2174 2450 Ecclesiam,
2205 2381 2241 2438 et

1253 2484 1328 2529 eam
1342 2484 1416 2527 non
1433 2461 1585 2551 pendere
1601 2484 1641 2529 ex
1658 2461 1770 2530 titulis
1785 2457 2059 2553 Episcoporum,
2081 2468 2142 2535 scd
2160 2491 2241 2536 vere

1253 2586 1329 2629 eam
1361 2583 1433 2629 esse
1466 2575 1620 2646 coetum,
1661 2563 1722 2655 qui
1754 2578 1856 2634 sonat
1889 2590 2008 2635 vocem
2039 2566 2241 2658 Evangelii.

1251 2661 1346 2754 Ergo
1363 2677 1396 2732 et
1411 2663 1649 2733 ministerium
1666 2665 1704 2731 in
1721 2689 1761 2734 eo
1777 2679 1879 2735 coetu
1895 2679 1956 2735 est.

1348 2761 1463 2834 Doleo
1479 2765 1622 2858 quidem
1638 2765 1761 2834 divelli
1777 2790 1842 2835 nos
1858 2768 1902 2836 ab
1918 2767 2007 2850 illis,
2031 2768 2093 2860 qui
2117 2782 2242 2843 tenent

1251 2865 1465 2935 ordinariam
1481 2879 1701 2957 potestatem:
1736 2867 1806 2939 Sed
1822 2868 1888 2961 ipsi
1906 2893 1988 2953 nos,
2017 2870 2093 2939 sine
2117 2887 2241 2944 nostra

1250 2968 1354 3058 culpa
1377 2968 1560 3041 abiiciunt.
1616 2965 1734 3037 Foveo
1756 2971 1863 3060 igitur
1886 2985 2056 3063 quantum
2085 2996 2241 3064 possum,
2317 3026 2320 3031 -

1252 3082 1285 3137 et
1312 3071 1478 3156 omnibus
1508 3094 1586 3138 sum
1615 3065 1776 3140 hortator
1807 3073 1950 3141 fovendi
1980 3066 2047 3140 hoc
2076 3090 2239 3146 nostrum

1250 3194 1393 3260 corpus,
1427 3173 1522 3262 quod
1547 3169 1740 3240 Ecclesiam
1761 3171 1827 3241 Dei
1848 3175 1979 3259 sentio,
2015 3187 2049 3245 et
2073 3178 2239 3267 dissipari

1250 3272 1400 3342 nollem:
1433 3270 1482 3343 Et
1505 3297 1550 3341 ne
1574 3273 1820 3363 dissipationes
1845 3277 2084 3363 exorirentur,
2110 3281 2239 3350 multas

1248 3373 1397 3443 iniurias
1413 3375 1637 3465 perferendas
1651 3399 1722 3442 esse
1737 3400 1874 3467 semper
1888 3378 2020 3449 censui.

1348 3473 1467 3546 Habes
1481 3484 1570 3569 qliae
1583 3478 1626 3547 de
1641 3478 1866 3567 impositione
1875 3503 2049 3572 manuum
2060 3502 2123 3568 ego
2134 3503 2238 3573 saepe

1246 3578 1397 3667 cogitare
1414 3580 1525 3648 soleo:
1557 3575 1605 3648 Et
1627 3593 1702 3649 ate
1725 3596 1886 3673 expecto,
1919 3581 2007 3676 quid
2028 3581 2096 3651 tibi
2117 3583 2237 3654 videa-

1245 3692 1315 3750 tur·

1241 4072 1308 4143 No.
1324 4070 1437 4146 2787.

2082 4092 2140 4154 27·
2151 4074 2236 4150 Oct.

1248 4166 1420 4197 m
2066 4176 2233 4202 ψ.»

1550 4251 1595 4339 V
1592 4259 1655 4337 ito
1682 4255 1926 4340 dheodoro.

1310 4431 1396 4503 Epist.
1412 4432 1562 4561 lihvlgyp:
1575 4435 1626 4488 47⁵
1637 4453 1679 4506 sq.
1698 4465 1733 4477 --
1757 4434 1810 4490 llic
1823 4454 1852 4488 ex
1868 4440 2036 4513 autographo
2049 4439 2078 4493 in
2090 4442 2153 4497 cod.
2167 4442 2238 4498 Mo·

1344 4521 1404 4556 nac.
1434 4541 1442 4557 .
1461 4521 1488 4574 p.

1246 4657 1285 4734 V
1291 4659 1307 4729 i
1315 4670 1358 4728 to
1384 4653 1576 4729 Theodo
1588 4682 1654 4744 ro,
1680 4656 1823 4731 docenti
1838 4658 1990 4761 Evang.
2008 4663 2048 4736 in
2063 4663 2235 4741 Ecclesia

1633 4756 1831 4858 Noribcrg.
1937 4834 1941 4849 ,

1239 4881 1286 4971 S·
1312 4897 1358 4974 D.
1408 4899 1601 4970 Hermone
1614 4893 1924 4998 γραμματοφόρῳ
1941 4902 2057 4973 literas
2073 4909 2168 4992 dedi,
2194 4911 2235 4980 in

1241 5003 1370 5094 quibus
1395 5004 1598 5095 complexus
1619 5025 1696 5071 sum
1718 5005 1880 5072 materias
1899 5000 2033 5085 οἰκείας
2046 5002 2236 5103 ἡμετέροις

1240 5099 1454 5201 γράμμασι,
1495 5105 1557 5197 qui
1578 5104 1722 5172 sortasse
1746 5117 1939 5174 antevertet
1963 5101 2059 5178 hunc
2085 5113 2235 5184 tabella-

1240 5207 1344 5277 rium.
1407 5206 1477 5277 Sed
1507 5203 1597 5276 hanc
1620 5201 1818 5295 Epistolam
1846 5201 1930 5274 huic
1961 5210 2127 5298 magistro
2151 5209 2235 5284 An-

1241 5300 1348 5376 dreae
1362 5301 1497 5377 Kelzel
1515 5306 1614 5390 dedi,
1645 5319 1729 5374 nato
1753 5307 1791 5374 in
1808 5306 1945 5376 ditione
1961 5305 2232 5400 Mansleldeusi,

1240 5409 1303 5500 qni
1327 5423 1405 5502 post
1421 5423 1568 5480 mortem
1585 5409 1694 5499 patris
1710 5401 1850 5478 honesti
1865 5422 1898 5478 et
1915 5410 1966 5501 pii
1982 5414 2094 5498 senis,
2120 5415 2232 5489 Nori-

1241 5511 1381 5602 bergam
1414 5513 1459 5581 ad
1492 5512 1735 5600 componenda
1769 5514 1940 5606 quaedam
1974 5517 2114 5606 negotia
2147 5544 2230 5590 cum
