4868 6420
205 346 281 423 eea
788 341 1224 420 nrrsroranuu
1281 344 1483 424 mnu.
1539 346 1673 457 rota.
2116 429 2121 436 ,
2177 347 2254 424 ast

205 516 227 594 ὅ
245 508 446 614 ἀρχιερεύς,
462 540 537 587 non
551 517 800 608 negligendam
818 519 1038 588 occasionem
1054 543 1128 589 esse
1146 543 1204 589 re·
1252 539 1349 592 σεων
1364 519 1503 605 Caroli,
1523 544 1650 607 suasor
1666 537 1737 611 est,
1758 535 1798 594 ut
1805 521 1956 595 Carolus
1973 523 2047 594 lilio
2063 524 2124 596 det
2138 523 2249 597 liliam

177 674 179 678 ι
205 622 404 695 stituendae
431 621 631 691 communis
654 621 883 706 concordiae,
922 635 1109 714 postquam
1133 621 1204 691 iam
1251 625 1343 714 regis
1360 621 1492 694 Gallici
1509 649 1667 695 uxorem.

204 727 349 798 tandem
372 736 573 814 congruant
601 726 754 793 duorum
777 723 980 815 principum
1004 716 1140 794 Caroli
1170 738 1203 793 et
1732 727 1739 733 ’

205 826 339 899 Gallici
365 827 457 914 regis
481 827 703 909 voluntates,
731 821 827 914 ethi
849 827 981 916 pariter
1003 829 1201 906 ostendant,
1267 866 1658 877 --„..„„-„--„‚.„.„‚

203 954 240 1000 se
263 930 454 999 collaturos
473 929 619 998 consilia
645 942 679 998 et
698 927 789 997 vires
806 929 849 997 ad
868 929 1006 1022 Synodi
1023 931 1201 998 detensio-

202 1056 299 1105 nem.
338 1029 485 1101 Utinam
500 1032 644 1123 quidem
661 1030 781 1099 liceret
796 1031 916 1100 videre
931 1029 1116 1125 Synodum
1132 1028 1202 1102 οὐκ
1258 1023 1325 1095 No.
1341 1025 1453 1096 5319.
1794 1019 1798 1030 ’
2087 1030 2263 1102 salto.
2323 1107 2326 1114 ,

121 1179 124 1194 ·
205 1127 325 1208 οὖσαν
341 1129 486 1231 ἀγορὰν
502 1125 723 1228 aspectione,
748 1131 818 1202 Sed
835 1134 891 1201 vel
904 1135 1129 1203 mediocriter
1144 1157 1201 1202 sa·
1249 1121 1461 1156 m
2066 1124 2239 1152 Μ

204 1262 334 1307 norum
359 1259 583 1324 congressum
607 1249 641 1304 et
665 1238 758 1304 'bene
781 1236 1000 1326 cupientium
1023 1234 1201 1304 Ecclesiae
1666 1225 1837 1312 Eidem.

202 1340 286 1411 Dei.
338 1337 378 1409 Si
396 1340 482 1430 quid
500 1333 678 1406 haedere
701 1337 948 1427 significabunt
954 1337 1063 1457 probis
1085 1339 1200 1422 amici,
1299 1364 1384 1438 ΕΜ,
1400 1367 1433 1422 ad
1446 1366 1585 1423 conterar.
1599 1389 1626 1441 p.
1639 1370 1689 1423 543
1702 1389 1743 1440 ,ᾧ
1758 1368 1811 1438 (εᾶ,
1826 1368 1921 1447 and·
1934 1367 1981 1423 pb,
1997 1366 2046 1423 lv·
2065 1387 2092 1441 p.
2104 1367 2186 1438 ost).

204 1465 335 1537 quaeso
352 1454 393 1508 ut
409 1440 512 1508 nobis
528 1440 718 1532 impertias.

305 1542 413 1612 Mitto
443 1538 676 1633 Epitaphium
709 1564 729 1610 a
762 1534 921 1634 Stigelio
953 1541 1200 1633 compositum,
1232 1520 1470 1598 Clarissimo
1497 1525 1573 1597 viro
1600 1524 1801 1598 eruditione
1827 1539 1858 1599 et
1884 1531 2013 1600 virtute
2034 1529 2247 1647 proestarttr'

202 1648 253 1718 ita
282 1659 322 1716 ut
355 1645 393 1711 in
418 1645 576 1726 tabulam
601 1666 745 1712 aeneam
770 1643 881 1713 incidi
904 1645 1026 1733 possit.
1089 1643 1199 1713 Volui
1349 1627 1378 1699 Ῑ
1383 1624 1524 1700 Οαΰῇἶ
1530 1655 1598 1699 1ηο
1625 1621 1745 1701 Cam·
1771 1632 1891 1703 amico
1916 1657 1985 1703 51¹⁰
2012 1657 2142 1709 cartas.

204 1748 351 1820 omniuo
380 1747 491 1814 inseri
526 1747 728 1838 aliquorum
755 1747 1199 1838 discipulorumnomina,
1245 1739 1289 1830 S
1316 1761 1360 1835 D·
1413 1752 2244 1858 Petamuget'expecremusaneoaetemopa.

201 1864 243 1921 ut
260 1851 383 1967 merit?
399 1848 468 1966 tiri
483 1845 779 1966 Optimi-¹)m2jgis
796 1849 1095 1965 conspicerentur.
1128 1847 1198 1917 Fa·
1246 1877 1300 1934 tre
1325 1867 1463 1935 domini
1485 1866 1599 1935 nostri
1625 1864 1703 1936 lesu
1725 1864 1860 1939 Christi
1886 1866 2144 1959 mitigationem
2174 1892 2243 1939 no-

202 1967 257 2024 cta
289 1959 478 2042 est‘rgrtur
507 1964 641 2020 mentio
671 1963 741 2033 tur,
774 1965 807 2019 et
829 1946 986 2018 Ascania
1016 1952 1198 2042 principis.
1247 1982 1399 2036 stratum
1429 1992 1701 2052 aerumnarum,
1741 1986 1887 2062 propper
1911 1972 2025 2040 filium
2050 1973 2112 2064 qui
2136 1971 2242 2042 dixit:

200 2054 275 2126 Nec
288 2054 395 2123 velim
415 2076 469 2120 res
495 2053 636 2125 mutari.
700 2047 732 2120 A
749 2066 782 2121 te
800 2076 928 2142 paucos
946 2052 1102 2123 Graecos
1119 2078 1199 2121 ver·
1246 2067 1315 2162 οὐχ
1325 2062 1479 2163 ἁρπάζει
1493 2095 1547 2153 τις
1561 2064 1735 2166 πρόβατα
1749 2068 1796 2143 τὰ
1814 2067 1885 2164 ἐμὰ
1900 2063 2140 2167 ἕκτῆςχειρός
2152 2097 2241 2165 μου,

201 2182 259 2228 sus
277 2158 404 2239 factos,
428 2154 533 2222 velim
552 2156 590 2223 in
607 2154 753 2224 eandem
771 2155 880 2222 incidi
900 2156 1070 2229 tabulam.
1097 2155 1198 2228 Vale.
1245 2174 1545 2266 quaemevoxin
1562 2176 2121 2267 magnisd010r5b‚saepeemp·
2174 2173 2243 2246 Hi,

199 2258 309 2330 Mlll⁰
330 2257 570 2375 pagellam-de
591 2251 887 2373 hl⁸i⁰¹l³l¹⁰f¹¹ffl
905 2258 1065 2343 dierum,
1091 2283 1197 2351 quam
1245 2298 1328 2360 nos,
1361 2270 1506 2348 chariss.
1536 2271 1738 2364 loacbime,
1774 2278 2077 2347 consolationibus
2104 2290 2243 2346 susten-

200 2363 302 2432 dahis
325 2360 396 2430 tuis
418 2353 630 2450 bosprtrbus.
690 2352 957 2428 Grrmmensem
983 2373 1197 2430 conventum
1245 2391 1377 2461 temus,
1412 2403 1493 2446 cum
1519 2379 2242 2470 1103quidemnonmmumexlectione

199 2465 420 2558 Proximum,
443 2462 564 2532 laudat
582 2453 794 2546 P⁰⁰¹⁰¹W³s
821 2486 860 2530 ὅθ
885 2462 923 2549 ln
948 2463 1072 2553 primis
1095 2487 1198 2555 Prae·
1245 2480 1442 2571 sapienties.
1464 2480 1699 2571 scriptorum,
1733 2483 1921 2552 sedetiam
1944 2506 2013 2551 usu
2033 2480 2243 2571 cognoveri-

200 2568 295 2638 dicai
310 2557 564 2636 CumCTSiadii
579 2587 760 2633 sermones
776 2559 990 2659 εἰρηνικοὺς.
1018 2566 1138 2636 (lOlel'fl
1160 2589 1196 2634 Si!
1244 2607 1323 2651 mus
1338 2578 1494 2652 humana
1510 2583 1628 2651 omnia
1646 2583 1751 2674 plena
1768 2607 1841 2653 esse
1857 2585 2091 2655 miseriarum·
2144 2578 2244 2652 Ado.

199 2671 270 2756 ait,
298 2671 395 2763 quod
414 2690 489 2735 non
506 2666 704 2736 collocutus
720 2667 766 2737 Sil
782 2681 906 2739 lecum·
973 2674 975 2689 '
1244 2685 1291 2753 rit
1313 2680 1409 2754 haud
1434 2685 1543 2755 dubie
1565 2685 1631 2754 tibi
1648 2710 1789 2779 quoque
1805 2684 1902 2756 Deus
1926 2711 2007 2756 cum
2026 2686 2092 2753 lilii
2109 2685 2243 2754 doctri-

764 2771 954 2869 Philippus
969 2773 1145 2849 Melanth·
1244 2811 1327 2854 nam
1352 2802 1387 2858 et
1411 2812 1534 2872 ornes,
1567 2800 1603 2857 et
1622 2811 1815 2884 propagare
1837 2790 1997 2873 studeas,
2029 2801 2064 2857 et
2086 2802 2127 2858 ut
2149 2800 2184 2856 te
2206 2799 2243 2858 et

1243 2901 1324 2958 tuos
1349 2903 1465 2960 servet
1485 2903 1560 2961 toto
1585 2902 1724 2979 pectore
1748 2916 1824 2964 oro.
1875 2889 1930 2960 De
1946 2889 2036 2982 Rep.
2060 2913 2150 2983 quae
2175 2885 2242 2959 ha·
2347 2986 2356 2993 ἢ

300 2989 354 3063 De
372 3002 549 3059 conventu
570 2982 657 3057 haec
673 2989 852 3060 audimus:
880 2983 1060 3062 Carolum
1077 2988 1195 3082 lmpe-
1243 2992 1416 3061 bebamus
1429 2992 1553 3082 scripsi
1569 2992 1607 3059 in
1626 2994 1781 3083 pagella,
1806 2992 1950 3086 quiade
1973 3007 2151 3063 conventu
2166 2986 2241 3060 'ali-

196 3113 311 3169 torem
328 3107 422 3162 certo
438 3105 629 3161 venturum
644 3084 921 3188 Ratisporram,
945 3119 985 3163 ac
1000 3093 1102 3162 brevi
1127 3095 1196 3164 iter
1243 3095 1331 3187 quid
1359 3095 1581 3164 sciscitabare
1607 3094 1645 3162 in
1668 3095 1829 3186 proxima
1851 3110 1911 3167 tua
1936 3095 2100 3188 epistola:
2135 3095 2239 3165 mitto

196 3202 441 3289 ingressurum
471 3218 561 3277 esse,
597 3208 632 3263 et
661 3195 700 3262 in
731 3221 772 3264 eo
797 3196 924 3266 itinere
950 3197 1194 3288 inspecturum
1243 3198 1310 3267 tibi
1334 3198 1439 3265 etiam
1461 3191 1648 3268 πολιτείαν
1670 3189 1895 3291 nostram*),
1921 3199 1961 3266 in
1979 3222 2047 3291 qua
2064 3208 2240 3288 postrema

198 3301 396 3374 Geldriam.
447 3295 534 3365 Post
554 3311 769 3366 conventum
792 3323 876 3367 vero
901 3299 1035 3368 iturum
1061 3298 1099 3366 in
1122 3295 1194 3368 lta·
1242 3300 1378 3390 pagella
1402 3295 1509 3368 babet
1534 3299 1805 3389 explicationem
1827 3299 2000 3371 Paulinae
2034 3298 2240 3382 sententiae,

150 3482 153 3487 ,
194 3407 293 3478 liam.
334 3400 388 3471 De
407 3399 585 3491 colloquio
604 3398 690 3491 quid
708 3402 868 3469 futurum
887 3402 932 3472 sit
947 3402 1108 3494 nondum
1126 3400 1194 3469 sci·
1242 3426 1347 3494 quam
1363 3401 1493 3491 opinor
1508 3425 1580 3469 non
1597 3401 1731 3470 invitus
1753 3403 1856 3490 leges.
1910 3402 2003 3471 Volo
2029 3402 2134 3471 etiarn
2162 3424 2181 3467 a
2205 3413 2238 3469 te

195 3530 286 3579 mus.
305 3582 311 3589 ,
332 3503 400 3574 Sed
420 3488 658 3593 Crueigerum
677 3517 710 3570 et
725 3525 780 3570 rue
796 3503 898 3584 iussit
915 3505 996 3572 aula
1013 3516 1193 3592 expectare
1242 3504 1424 3571 emendari
1437 3500 1624 3593 Euripidis
1639 3526 1771 3576 versus.
1824 3502 1914 3573 Nam
1930 3505 1968 3572 in
1984 3529 2056 3572 uuo
2072 3503 2151 3571 loco
2168 3504 2236 3570 du·

193 3609 360 3680 mandata
387 3607 430 3673 de
460 3604 598 3675 itinere.
656 3602 747 3672 Nam
771 3605 801 3671 si
822 3602 972 3674 Carolus
999 3605 1193 3695 lmperator
1240 3606 1334 3687 bito,
1360 3605 1416 3672 cui
1441 3620 1562 3672 notam
1591 3605 1725 3674 addidi.
1790 3603 1888 3674 Bene
1913 3620 1947 3675 et
1978 3605 2130 3673 feliciter
2154 3604 2236 3672 vale

180 3713 349 3800 ,adducet
373 3730 489 3774 secum
512 3700 716 3792 Theologos
745 3728 844 3790 suos,
873 3721 908 3776 et
930 3708 1026 3776 volet
1052 3707 1191 3775 institui
1240 3732 1318 3775 cum
1338 3701 1682 3794 honestiss.coniuge
1696 3720 1755 3777 tua
1777 3720 1812 3790 et
1827 3709 1968 3802 dulciss.
1983 3706 2119 3782 liberis.
2135 3704 2234 3777 Prid.

194 3808 492 3903 disputationem,
529 3807 634 3874 nobis
663 3831 736 3875 non
770 3807 891 3877 licebit
914 3833 990 3875 eam
1015 3810 1190 3895 defugere.
1238 3805 1494 3881 Cal.Decemh.

191 3911 464 4000 Noribergensis
495 3921 637 3977 senatus
663 3924 824 3998 rogatus,
859 3923 900 3980 ut
919 3906 1189 4003 Hieronymum
1894 3907 1989 3985 Phil.
2006 3903 2184 3982 Melanth.

192 4031 228 4088 et
249 4012 379 4089 Vitam
403 4008 584 4106 mittat²),
610 4035 684 4078 non
703 4012 781 4080 vult
800 4015 1099 4103 quemadmodum
1125 4037 1189 4081 au·
1904 4022 1907 4027 ’

192 4122 273 4206 dio,
297 4141 379 4187 suos
395 4115 563 4183 interesse
578 4106 635 4180 his
651 4113 784 4182 odiosis
801 4115 1099 4186 altercationibus.
1240 4155 1689 4165 —----—---—-—-
2065 4109 2069 4123 '
2179 4157 2224 4167 -

295 4219 407 4288 Venit
427 4241 445 4284 a
474 4211 602 4286 Carolo
629 4213 717 4307 lmp.
742 4215 871 4285 missus
892 4219 936 4285 ad
952 4215 1186 4286 Macedonem
1644 4291 1648 4294 q

193 4349 275 4396 cum
297 4318 475 4390 mandatis
498 4308 712 4403 Conricr'os,
747 4343 899 4410 quorum
930 4315 1016 4389 haec
1050 4342 1186 4389 summa
1236 4300 1441 4431 NQ·
2060 4305 2233 4425 Q

191 4428 277 4499 fuit:
321 4422 433 4505 Petit,
466 4421 663 4511 principem
692 4417 918 4516 captivum³)
947 4447 1020 4490 non
1050 4422 1188 4492 duriter

125 4516 127 4523 ¹
192 4528 355 4609 tractari,
388 4549 452 4593 nec
478 4525 585 4592 duras
612 4524 645 4590 ei
668 4524 889 4593 conditiones
920 4525 1093 4615 proponi,
1121 4549 1186 4593 nee
1466 4500 1651 4587 Senatui
1681 4500 2000 4611 Saalfildensi.

192 4633 272 4704 aliis
296 4630 432 4700 bellum
454 4625 598 4709 inferri,
625 4627 686 4718 qui
711 4626 765 4693 illi
789 4626 958 4695 videntur
978 4628 1086 4696 fuisse
1101 4651 1185 4730 con3
1304 4669 1382 4724 Edita
1400 4669 1429 4722 in
1446 4667 1600 4728 mu&
1614 4670 1699 4726 mm
1717 4672 1769 4727 „nb
1788 4673 1886 4729 mm
1904 4687 1935 4729 u·
1952 4673 1991 4727 H·
2009 4670 2061 4725 502
2078 4691 2119 4744 sq.

127 4731 133 4738 ’
190 4734 324 4818 iuncti,
350 4745 433 4800 etse
451 4729 555 4798 offert
572 4722 763 4822 διαιτητὴν
775 4722 800 4820 ἢ
812 4722 1036 4822 διαλλάκτην
1054 4725 1185 4817 fore⁴).
1743 4754 1746 4758 ·

188 4831 392 4909 Monachus
414 4832 669 4901 audacissimus
692 4846 726 4900 et
752 4831 1102 4922 impudentissimus,
1128 4857 1187 4899 ar-
1234 4821 1309 4895 itm
1324 4821 1512 4911 Ghtbetttt,
1532 4818 1654 4906 Mltiltn
1668 4823 1732 4892 ttttb
1747 4820 1943 4913 &brachtum
1958 4819 2094 4916 oberret,
2117 4822 2231 4898 θυῖε

188 4962 319 5031 rogans
352 4950 387 5005 et
418 4934 576 5004 insolens
604 4934 766 5018 iuvenis,
796 4935 946 5004 auditor·
968 4926 1187 5032 ἑξομολογή-
1233 4922 1459 5019 gttmtisltt
1485 4924 1564 4996 ont
1589 4921 1711 5008 dieti)
1736 4945 1773 5012 pu
1799 4925 1989 5016 &elfelm
2014 4927 2133 4999 melnen
2150 4926 2230 5019 gitti:

1607 5022 1704 5116 stigen
1727 5024 1849 5119 tpctcta

1234 5140 1371 5243 (Mortes
1398 5159 1497 5232 &aab
1522 5157 1735 5244 bethsettha
1760 5160 1964 5251 eingebomm
1988 5158 2089 5250 &olm
2112 5158 2242 5248 &etim

1204 5304 1209 5419 Ι
1232 5262 1412 5354 bbtistum„
1437 5265 1548 5352 uatem
1571 5259 1711 5354 britone
1734 5279 1840 5352 putot.
1892 5263 1960 5355 isui
1976 5262 2049 5338 Gra.
2072 5261 2226 5352 Mcitbcit

195 5123 405 5141 -np-—a—-G

223 5229 250 5290 1)
270 5222 383 5293 Georgii
397 5220 478 5274 llelti.

220 5315 250 5382 2)
269 5311 342 5364 Hier.
359 5308 588 5378 Baumgartnerus
610 5315 637 5360 et
649 5305 705 5360 Vir.
721 5306 824 5362 Theod.

220 5401 254 5467 3)
268 5398 352 5451 llenr.
365 5394 484 5453 Brunsv.

217 5490 246 5557 4)
264 5486 369 5541 Literae
385 5479 475 5535 Caroli
490 5478 564 5534 datae
579 5486 641 5531 sunt
654 5477 681 5532 d.
694 5480 720 5532 6.
735 5479 803 5531 Nor.
820 5488 846 5533 et
864 5447 1006 5550 responiio
1020 5480 1180 5554 Landgravii
1252 5516 1256 5523 .
1634 5499 1639 5505 .

254 5557 281 5611 d.
296 5551 510 5611 18.N0v.1sts.
546 5546 608 5603 Vid.
619 5548 752 5607 Seelend.
764 5548 812 5604 lib.
823 5550 870 5604 lll·
883 5570 912 5621 P·
925 5550 987 5608 567.
1200 5560 1206 5616 t
1264 5547 1331 5616 *)i.
1348 5568 1374 5603 e.
1391 5547 1462 5621 leges
1477 5546 1647 5601 Academiae.
1685 5545 1748 5601 vid.
1763 5563 1806 5619 cp.
1824 5546 1857 5601 ad
1870 5545 2007 5603 Theodec.
2021 5549 2047 5603 d
2064 5551 2088 5606 1,
2100 5549 2189 5606 Ded),
