4868 6420
272 399 348 485 aaa
858 384 1298 464 urrsronauuu
1351 390 1546 467 cmlx.
1600 389 1739 467 raes.
2120 364 2125 373 “
2241 383 2323 460 eso

277 576 443 651 crificulis
477 565 648 663 impuris?
706 563 854 656 Semper
888 562 957 633 luit
987 558 1162 646 Ecclesia,
1209 562 1270 630 sed
1321 577 1437 633 torum
1463 564 1507 636 sit
1533 565 1777 657 supposititia,
1810 575 1869 632 aut
1887 575 1969 632 nata
1986 581 2125 645 recens,
2149 583 2229 629 cnm
2246 559 2320 628 iam

276 682 365 753 elias
380 678 505 771 purior
521 687 555 743 et
570 671 702 753 maior,
727 668 814 735 alias
826 664 947 735 minor
962 678 998 735 et
1013 665 1207 756 impurior,
1232 675 1272 732 ut
1321 662 1478 735 Romani
1510 663 1678 757 Episcopi
1705 665 1817 756 magis
1848 664 1992 756 imperia
2021 663 2167 745 mundi,
2210 684 2320 754 quam

277 783 318 852 in
340 778 452 850 lsrael
481 789 516 847 et
538 772 627 844 luda
653 785 810 860 tempore
836 762 1028 834 Zachariae
1050 766 1174 854 exigna
1197 776 1273 836 erat
1323 764 1516 837 Ecclesiam
1539 783 1711 856 regerent.
1763 766 1909 838 Utinam
1932 766 2038 836 vellet
2063 763 2238 855 patienter
2253 784 2321 833 ao-

277 881 454 966 Ecclesie,
487 891 520 947 et
535 873 638 968 pauci
658 870 906 957 intelligebant
923 890 1025 937 veros
1047 867 1174 939 cultus.
1224 862 1274 936 Et
1323 869 1401 938 dire
1426 871 1537 940 multo
1559 870 1765 940 vetustioria
1790 883 1825 939 et
1849 867 1998 937 certiora
2021 864 2240 948 testimonia,
2274 866 2321 933 de

279 1004 483 1080 quanquam
499 1002 572 1046 non
588 974 753 1063 tingimus
767 967 961 1040 Ecclesiam
978 969 1213 1051 invisibilem,
1239 981 1275 1038 et
1323 972 1429 1041 rebus
1444 970 1624 1057 inanimis,
1648 968 1846 1054 Ecclesiae,
1880 992 1985 1064 quam
2010 967 2199 1057 diligenter
2221 980 2256 1037 et
2276 964 2321 1034 h-

279 1085 484 1160 Platonicae
499 1077 634 1150 civitati
649 1073 823 1154 similem,
853 1073 913 1139 sed
930 1070 1081 1140 dicimus
1099 1093 1171 1139 esse
1187 1068 1274 1138 visi·
1324 1074 1451 1143 deliter
1469 1074 1652 1167 inquisivi.
1704 1071 1744 1144 si
1764 1096 1902 1143 mecum
1920 1069 2027 1140 vellet
2050 1080 2212 1138 amanter
2232 1090 2321 1138 con-

279 1189 408 1266 bilem‚
444 1197 478 1253 et
506 1176 637 1251 habere
663 1189 765 1244 notas
789 1187 919 1257 certas,
950 1171 1041 1241 sicut
1064 1186 1150 1242 tunc
1174 1182 1275 1240 erant
1323 1177 1433 1256 ferra,
1465 1174 1695 1245 libentissime
1724 1198 1803 1243 cum
1830 1199 1871 1243 ρο
1901 1173 1956 1241 vet
1986 1172 2223 1263 colloquem,
2261 1169 2320 1241 ,ει

278 1289 432 1360 visibilis
468 1281 641 1361 Ecclesia,
688 1268 896 1358 Zacharias,
945 1273 1113 1357 Simeon,
1157 1268 1275 1356 Anna,
1326 1277 1465 1366 scriptis
1483 1300 1630 1365 agerem.
1682 1275 1752 1348 Sed
1776 1276 1850 1367 ipse
1873 1276 1966 1343 inter
1985 1272 2230 1341 disserendum
2244 1269 2322 1362 spi-

279 1381 483 1469 Elisabeth,
508 1377 654 1472 1⁰³sl>l¹s
678 1375 795 1447 Mssls
814 1389 847 1445 et
863 1375 965 1467 pauci
981 1375 1059 1444 alii:
1085 1372 1277 1444 Habebant
1325 1393 1379 1448 rat
1395 1373 1559 1448 hostilem
1576 1378 1756 1462 animum,
1782 1403 1861 1447 cum
1877 1399 1940 1465 ego
1956 1375 2087 1458 sciens,
2119 1387 2184 1452 aut
2195 1373 2322 1441 volens

281 1493 378 1563 enirn
403 1488 551 1557 verbum
565 1480 633 1552 Dei
656 1493 789 1549 certum
812 1490 848 1547 et
872 1478 988 1546 cultus
1008 1498 1112 1545 veros
1128 1474 1277 1546 ettesti·
1326 1480 1425 1549 nulla
1441 1480 1477 1546 in
1494 1505 1531 1549 re
1546 1494 1706 1574 unquam
1724 1503 1806 1550 eum
1820 1478 1994 1553 laeserim.
2044 1472 2174 1545 Amavi
2187 1474 2320 1566 potius,

280 1593 403 1664 monia
417 1588 570 1680 Spiritus
586 1581 714 1653 sancti:
746 1592 864 1649 lamen
888 1590 1037 1647 nonest
1062 1600 1278 1668 corpuspo-
1328 1595 1361 1651 et
1383 1582 1480 1650 volui
1497 1606 1578 1651 eum
1596 1605 1669 1652 esse
1685 1593 1893 1650 ornamento
1910 1574 2050 1648 scholae
2064 1592 2217 1651 nostrae.
2266 1573 2323 1644 Ne

280 1696 438 1775 illitum,
478 1687 594 1759 simile
620 1681 756 1772 ssgssss,
800 1679 980 1768 ‘tillgalum
1004 1681 1049 1747 sd
1072 1675 1279 1771 Episcopus,
1328 1708 1424 1752 nunc
1438 1707 1565 1752 nocere
1581 1684 1724 1777 quidem
1743 1683 1776 1751 ei
1790 1683 1915 1772 cupio,
1949 1703 2014 1749 nec
2032 1692 2165 1749 certare
2182 1678 2265 1747 odio
2286 1688 2323 1748 et

281 1810 461 1871 eteorum
486 1794 663 1870 doctores,
696 1804 849 1876 quornm
872 1781 1018 1871 plurimi
1039 1792 1187 1873 possunt
1205 1803 1279 1851 esse
1328 1785 1516 1854 acerbitate
1539 1808 1619 1855 eum
1637 1809 1677 1854 eo
1695 1785 1788 1853 volo.
1839 1783 1921 1853 Scio
1936 1804 2026 1875 quae
2042 1781 2170 1850 iudicia
2189 1778 2322 1849 intueri

281 1897 391 1970 alieni
408 1896 452 1964 ab
469 1889 636 1961 Ecclesia·
1329 1888 1494 1970 debeam,
1526 1909 1591 1956 nec
1612 1888 1739 1956 faciam
1761 1885 1897 1977 aliquid
1921 1885 1958 1952 in
1976 1878 2032 1950 bis
2046 1882 2198 1974 publicis
2213 1902 2324 1969 nego-

384 1995 568 2065 PoslrsmO
594 1989 660 2058 ⁰1⁸5
682 2010 757 2055 1¹⁰ss
781 1998 970 2053 c0¹¹l0¹¹¹¹¹⁰
986 1979 1164 2053 Ecclesiae
1179 1981 1280 2050 lesti-
1330 1989 1388 2057 tiis
1410 1988 1662 2070 immoderate,
1702 2000 1737 2056 et
1764 1982 1872 2057 huius
1892 1983 2070 2055 Ecclesiae
2094 1983 2322 2053 concordiam

283 2098 425 2180 mnis,
456 2109 574 2164 lamen
596 2111 735 2159 necem
757 2101 807 2155 ⁰⁸¹
824 2099 942 2154 ῖθῦθῐθ
960 2087 1133 2175 regulam:
1167 2075 1283 2177 Quod
1332 2090 1467 2181 privata
1490 2088 1671 2159 iracundia
1692 2089 1826 2157 nollem
1847 2087 1994 2158 turbari.
2046 2083 2198 2154 Memini
2213 2085 2324 2165 enim,

209 2282 212 2287 .
281 2194 480 2276 humanis,
517 2188 593 2263 scri
617 2187 665 2258 1¹⁰5
695 2180 937 2285 “nltsmnda
971 2187 1020 2254 st‘l
1055 2179 1224 2254 doctrina
1252 2207 1276 2251 α
1330 2193 1426 2282 quod
1450 2190 1669 2261 dictumest.
1719 2183 1799 2285 Qui
1822 2187 1861 2257 in
1886 2183 2077 2257 dilectione
2101 2195 2246 2273 monet,
2282 2180 2324 2252 in

281 2299 368 2374 Deo
390 2321 455 2396 per
478 2214 685 2391 Proplitos
711 2298 742 2359 et
764 2284 961 2384 Apostolos
985 2281 1148 2366 tradito,
1186 2307 1278 2384 quo·
1328 2287 1415 2362 Deo
1429 2298 1563 2360 mame,

283 2428 365 2473 rum
382 2396 502 2473 oratio
520 2402 608 2467 certe
619 2390 695 2489 piis
713 2399 762 2460 est
777 2385 980 2485 perspicua.

249 2505 257 2524 ⁴
383 2501 437 2570 De
455 2500 609 2591 primatu
623 2492 803 2562 Pontificio
817 2490 936 2563 nescio
952 2488 1039 2582 quid
1054 2488 1150 2562 velit.
1186 2485 1278 2557 Nam
1336 2487 1355 2501 ⁴

236 2646 238 2650 >
283 2604 491 2677 brevissime
508 2595 647 2687 scripsit
662 2589 763 2665 mihi.
816 2589 982 2679 Quaerit,
1008 2615 1052 2659 an
1070 2585 1279 2679 habeatpo·
1330 2600 1527 2679 N002804,
2157 2612 2215 2672 19·
2232 2600 2313 2666 No„

283 2718 444 2781 testatem
475 2699 609 2793 aliquid
642 2692 834 2764 ordinandi
863 2716 904 2762 ac
932 2692 1134 2761 statuendi?
1198 2688 1278 2761 Hoc
1335 2700 1507 2730 Μ
2145 2692 2320 2723 *⁶⁴⁹

284 2821 400 2904 potest
421 2806 465 2874 de
489 2793 855 2888 omnibusEpiscopis
876 2806 910 2863 et
930 2793 1131 2884 pastoribus
1146 2792 1279 2886 quaeri.
1563 2838 1566 2844 1
1610 2767 1757 2851 Iooeb.
1788 2764 2050 2853 Camerart'O·

285 2909 380 2983 Satis
397 2905 567 2998 explicata
581 2915 632 2972 est
647 2895 732 2968 haec
746 2896 903 2989 quaestio
917 2896 955 2963 in
970 2895 1045 2986 ipsa
1058 2895 1278 2964 confessione
1398 2927 1483 3002 Epio.
1496 2926 1530 2982 ,d
1545 2926 1684 2983 camera.
1702 2945 1729 2999 p.
1741 2925 1793 2979 433
1805 2943 1865 2996 ‚w
1883 2924 1937 2991 (aa.
1951 2924 2041 2979 Lond.
2055 2922 2103 2979 Hb·
2117 2922 2163 2978 w·
2177 2943 2220 2996 ep.
2233 2922 2306 2992 ³0⁹.)

284 3009 512 3100 Principum,
544 3025 632 3097 quae
654 3022 728 3068 non
747 2999 852 3067 debet
866 2997 898 3065 ei
912 3019 986 3065 esse
1000 2995 1131 3085 ignota.
1180 2993 1280 3066 Con·
1342 2994 1345 3001 ’
1680 3012 1685 3017 ·

287 3111 445 3188 cedimus
468 3119 624 3199 pastores
644 3097 775 3171 habere
795 3098 1076 3168 iurisdictionem
1098 3121 1140 3166 ex
1158 3093 1281 3166 Evan-

288 3215 380 3306 gelio
406 3213 451 3280 ad
472 3203 828 3278 excommunicandos
841 3223 921 3269 reos
935 3199 1143 3282 criminum,
1167 3210 1201 3268 et
1217 3200 1280 3268 ab-

288 3313 478 3388 solvendos
501 3331 578 3392 eos,
618 3305 681 3398 qui
709 3302 900 3371 emendant
921 3324 1045 3372 mores.
1105 3297 1282 3369 Concedi-

286 3438 368 3487 mus
390 3413 495 3483 etiam
522 3406 609 3478 boni
632 3404 771 3474 ordinis
795 3424 933 3487 caussa,
965 3425 1066 3492 posse
1080 3424 1141 3469 eos
1154 3402 1192 3469 in
1208 3402 1281 3470 suis
1332 3382 1376 3474 S.
1402 3402 1447 3473 D.
1500 3402 1636 3475 Vellem
1655 3403 1775 3474 triduo
1793 3402 1895 3473 citius
1911 3398 2109 3493 Epistolam
2127 3414 2222 3470 tuam
2238 3400 2327 3469 scri-
2378 3477 2380 3481 ,

239 3552 241 3556 ’
287 3513 473 3596 Ecclesiis,
506 3522 670 3599 tempora·
690 3518 724 3575 et
744 3503 914 3574 lectiones
936 3503 1158 3575 distribuere.
1210 3501 1281 3574 Sed
1335 3521 1429 3598 ptam
1459 3504 1551 3579 Duei
1580 3503 1752 3591 Albano,
1791 3500 1861 3574 huc
1893 3504 2035 3573 missam
2067 3526 2151 3575 esse,
2218 3499 2326 3572 Tunc

288 3618 386 3689 &llud
404 3627 457 3684 0⁸¹
475 3611 660 3681 institues!
682 3605 915 3688 ⁰01²ffl⁰¹¹l³⁸a
941 3628 1092 3699 quarum
1113 3603 1196 3671 finis
1219 3617 1282 3689 ²⁸1,
1334 3610 1428 3678 enim
1446 3612 1568 3678 aderat
1581 3609 1783 3679 adolescens
1797 3599 1997 3689 Prutenus,
2019 3629 2059 3675 ex
2076 3603 2188 3674 Cattis
2203 3626 2327 3672 rever*

286 3735 328 3791 ut
342 3720 413 3787 sint
428 3715 543 3784 cultus
560 3725 594 3780 et
609 3733 715 3801 opera
728 3706 921 3791 meritoria,
947 3707 1037 3776 sicut
1053 3705 1283 3778 instituerunt
1334 3734 1404 3782 sus.
1467 3708 1563 3780 Huic
1586 3709 1792 3803 properanti
1821 3708 1958 3779 litteras
1983 3731 2039 3775 me
2070 3709 2154 3777 dare
2185 3726 2328 3774 necessa

289 3820 519 3898 coelibatum,
540 3825 641 3895 rota,
667 3812 711 3877 de
727 3805 942 3878 hisdicitur:
974 3800 1138 3876 Frustra
1159 3802 1283 3876 colunt
1334 3814 1413 3884 suit.
1471 3810 1656 3904 Respondi
1679 3812 1789 3899 igitur
1814 3823 1848 3879 te
1873 3810 2060 3878 missurum
2088 3831 2160 3877 esse
2180 3801 2329 3899 Episto-

289 3945 345 3992 me
358 3910 550 3988 mundatis
573 3907 774 3982 hominum.
826 3904 922 3977 Item
938 3901 1085 3979 Paulus
1099 3917 1202 3977 vocat
1218 3903 1285 3978 do-
1335 3915 1405 3982 lam
1423 3915 1543 3989 detua
1562 3915 1763 3996 voluntate,
1793 3924 1828 3981 et
1848 3912 1893 3980 de
1918 3911 1994 4002 ipso
2014 3909 2182 3997 negocio,
2208 3922 2242 3978 et
2262 3908 2328 3977 ad-

290 4021 431 4096 etrinus
455 4011 742 4086 doemoniorum.
802 4007 912 4096 Item,
945 4006 983 4077 si
1006 4006 1087 4078 licet
1113 4001 1283 4079 humana
1336 4016 1411 4085 didi
1435 4016 1713 4099 excusationem,
1754 4037 1818 4081 cur
1838 4013 1955 4081 subito
1981 4013 2025 4080 ab
2049 4009 2240 4080 Academia
2261 4007 2329 4080 Li·

289 4120 491 4196 autoritate
510 4113 657 4186 institui
672 4108 809 4196 cultus,
822 4109 1009 4191 ,excusari
1025 4119 1180 4208 possunt
1203 4107 1285 4180 ido-
1334 4118 1430 4208 psica
1446 4118 1550 4186 avelli
1567 4141 1640 4187 non
1654 4114 1779 4206 possis,
1791 4116 1937 4183 eandem
1946 4137 2050 4207 quam
2067 4134 2224 4181 recenses
2240 4111 2329 4203 ipse.

291 4224 411 4298 lorum
435 4216 555 4292 cultus
579 4210 684 4315 opud
701 4221 835 4308 gentes.
896 4211 987 4283 Nam
1012 4226 1047 4282 et
1070 4212 1124 4281 illi
1149 4207 1284 4282 habue-
1335 4216 1388 4287 De.
1405 4218 1585 4289 voluntate
1604 4241 1686 4287 vero
1703 4216 1949 4307 tuapolliceor
1966 4215 2113 4304 largius,
2146 4237 2254 4306 quam
2276 4226 2329 4298 tu,

289 4341 379 4399 runt
389 4344 527 4396 caussas
541 4343 615 4390 non
631 4313 860 4386 abhorrentes
875 4316 919 4383 sb
936 4310 1097 4385 humanis
1110 4314 1263 4388 iudiciis.
1337 4321 1493 4412 adeoque
1508 4332 1708 4409 congruunt
1723 4315 1921 4410 Epistulae,
1956 4330 1995 4386 ut
2017 4318 2125 4386 alleca
2148 4318 2192 4384 de
2214 4316 2332 4389 altera

391 4422 578 4496 anterum
599 4421 666 4489 alia
689 4417 880 4509 disputatio
904 4430 973 4495 est,
1006 4432 1040 4486 et
1061 4418 1104 4485 de
1121 4417 1285 4507 primatu,
1336 4422 1507 4511 descripta
1538 4422 1652 4491 videri
1678 4421 1799 4511 possit.
1859 4417 1976 4488 Tuam
2000 4432 2117 4488 tamen
2143 4415 2329 4510 quampri-

293 4551 399 4624 quam
416 4551 457 4596 ex
473 4549 515 4594 eo
531 4546 605 4592 non
623 4520 764 4603 audivi,
789 4542 878 4611 quae
892 4530 944 4587 est
956 4519 1112 4588 subtilis:
1139 4515 1199 4587 An
1214 4515 1285 4587 Ec·
1336 4547 1432 4589 mum
1453 4518 1591 4592 habebo
1607 4522 1855 4604 tabellarium,
1880 4521 2053 4590 missurus
2072 4542 2162 4591 sum.
2213 4515 2329 4609 Spem

291 4631 395 4704 clesia
414 4629 460 4700 sit
475 4626 615 4714 alligata
630 4626 674 4693 ad
692 4620 945 4690 successionem
962 4619 1179 4688 ordinariam
1194 4616 1284 4710 Epi·
1336 4624 1431 4691 enim
1461 4638 1495 4692 ct
1521 4640 1603 4696 aute
1626 4621 1702 4696 Cal.
1730 4622 1910 4692 lanuarias
1934 4617 2119 4690 habituros
2139 4642 2206 4689 nos
2229 4643 2328 4688 nun-

291 4751 498 4823 scoporum,
534 4738 570 4795 et
594 4748 682 4795 num
702 4723 852 4814 pendeat
876 4744 915 4788 ea
943 4743 984 4789 ex
1007 4717 1184 4810 Episcopo
1206 4718 1285 4792 Ro·
1336 4725 1418 4798 cios.
1468 4722 1522 4795 De
1537 4723 1656 4796 schola
1672 4726 1745 4817 ipsa
1762 4718 1854 4792 nihil
1870 4723 2080 4792 constituam
2104 4721 2174 4789 nisi
2197 4720 2241 4789 de
2265 4733 2329 4791 tua

291 4831 423 4905 mano?
472 4825 552 4898 Hoc
571 4841 639 4910 est,
669 4847 714 4893 an
729 4822 829 4892 nulla
846 4822 890 4892 sit
904 4816 1092 4910 Evangelii
1108 4835 1141 4890 et
1158 4820 1284 4892 Sacra·
1335 4819 1547 4912 sersteutia,
1568 4827 1631 4898 ubi
1661 4825 1828 4896 collocuti
1858 4825 2002 4897 erimus.
2065 4820 2155 4892 Nam
2189 4820 2329 4891 etiamsi

291 4947 495 5006 mentorum
516 4928 591 5013 vis,
622 4926 692 4995 nisi
715 4923 1009 4993 administrentur
1031 4946 1094 5014 per
1118 4945 1197 5009 eos,
1222 4925 1284 5018 qui
1335 4941 1418 4998 ante
1448 4926 1524 4998 Cal.
1554 4926 1736 4999 lanuarias
1763 4915 1930 5018 Spirense
1964 4926 2032 4995 iter
2061 4923 2329 5014 suscipiendum

291 5033 448 5108 ordinati
474 5042 559 5101 sunt
583 5029 628 5098 ab
648 5023 835 5119 Episcopis
858 5025 921 5094 illa
947 5024 1127 5094 ordinaria
1149 5048 1285 5096 succes-
1335 5031 1420 5115 erit,
1450 5032 1494 5099 ad
1518 5042 1553 5100 te
1576 5045 1697 5102 tamen
1721 5029 1899 5111 accedam,
1925 5050 2000 5096 non
2017 5027 2121 5096 modo
2139 5027 2183 5094 de
2196 5022 2329 5095 Pruse-

292 5138 392 5208 sione
415 5128 642 5222 regentibus?
697 5125 751 5197 De
775 5122 840 5196 hac
862 5126 1069 5220 quaestione
1090 5150 1166 5196 non
1186 5128 1284 5197 arbi·
1318 5133 1413 5202 nica
1429 5127 1569 5214 schola,
1598 5135 1660 5202 sed
1681 5133 1724 5200 de
1747 5130 1825 5199 aliis
1848 5131 1952 5208 rebus
1976 5129 2080 5200 etiam
2103 5139 2218 5197 tecum
2235 5126 2328 5196 deli-

293 5252 369 5311 tror
383 5258 464 5307 eum
479 5232 632 5303 multum
647 5228 833 5319 cogitasse,
863 5229 923 5298 sed
941 5228 1056 5321 coepit
1070 5227 1141 5296 iam
1162 5237 1284 5301 recens
1336 5235 1533 5306 beraturus.
1776 5224 1780 5229 ’

291 5341 406 5433 legere
431 5335 564 5405 librum
585 5330 829 5403 Decretorum.
861 5324 983 5414 ¹llaec
1012 5329 1168 5401 fortassis
1201 5354 1285 5422 pro-
1438 5333 1635 5404 Meministi
1657 5353 1798 5402 versum
1821 5323 2067 5420 sophocleum:
2108 5320 2240 5424 φρόνει
2260 5325 2328 5422 βο-

292 5436 371 5534 pter
402 5436 648 5530 antiquitatem
677 5433 846 5510 miratur.
882 5443 923 5501 ut
949 5431 981 5501 si
1007 5431 1137 5521 legeret
1164 5445 1283 5504 vetera
1305 5492 1308 5519 ,
1333 5430 1413 5529 βὼς
1435 5427 1485 5506 αὖ
1506 5439 1580 5507 νῦν
1599 5428 1659 5505 e‘ni
1679 5435 1795 5524 ξυροῦ
1814 5423 1938 5523 τύχης.
1989 5428 2092 5500 Hanc
2115 5454 2238 5500 vocem
2255 5431 2330 5501 uti-

293 5542 467 5635 Quum
482 5540 640 5621 dmm,
669 5556 753 5606 ΜΠ
772 5552 900 5625 mgna
920 5554 1006 5627 pars
1019 5556 1143 5606 arom
1160 5533 1285 5608 deere-
1336 5560 1417 5608 uam
1431 5537 1499 5631 pel
1521 5538 1663 5606 tandem
1691 5557 1773 5606 cum
1794 5533 1833 5602 in
1856 5555 2035 5603 summum
2054 5531 2248 5605 discrimen
2273 5555 2331 5604 res

1331 3054 1491 3136 Clariss.
1513 3062 1591 3136 viro
1615 3062 1645 3135 I
1649 3056 1860 3134 oucleimo
1884 3055 2154 3133 Camerario
2184 3054 2326 3136 Puber-

1329 3169 1454 3262 gensi,
1481 3164 1674 3237 excellenti
1697 3161 1899 3237 eruditione
1922 3172 1954 3232 et
1975 3160 2121 3235 Virtute
2142 3156 2327 3261 praedito,

1658 3288 1859 3338 amicosne
1876 3288 2004 3336 conss.
