4882 6426
240 320 316 398 sss
587 417 590 427 .

243 494 441 569 aaron
484 503 486 510 ·

251 595 462 629 ww

1051 507 1235 593 (25.Nor·)

1065 601 1234 627 Μ

663 693 718 777 Ν.
749 692 804 779 Ν.

235 861 239 869 ·
312 852 389 924 μὲι
401 849 557 924 apographo
571 849 600 905 in
615 855 677 910 eod.
691 845 803 914 Monac.
817 854 860 912 88.
873 875 918 913 no.
934 855 983 913 tv.
995 877 1022 931 p.
1032 859 1094 917 235.
1110 888 1148 903 -
1181 859 1234 917 Vi-

348 923 382 977 de
392 922 531 994 epistolem
545 924 762 980 antecedentem.
972 970 977 978 .

525 1058 776 1162 Mogdehurg.
798 1063 957 1140 cuidam.

245 1206 313 1291 (Sin
327 1212 360 1270 in
372 1206 440 1270 sod.
456 1209 643 1283 inscribitur,
670 1208 720 1268 sed
739 1221 783 1268 est
800 1209 925 1272 fortasse
946 1210 990 1271 ad
1004 1208 1232 1277 &dolonosum

588 1305 730 1384 Magdeb.
747 1313 895 1391 scripta.)

241 1423 289 1514 S.
313 1438 359 1516 D.
407 1434 551 1510 Beatus
578 1437 646 1554 qui
675 1436 852 1532 intelligit
880 1465 989 1536 super
1023 1464 1173 1537 egenum
1198 1455 1231 1517 et

241 1566 456 1642 pauperem5
482 1542 522 1610 in
548 1535 606 1609 dre
628 1538 733 1611 mala
761 1538 933 1611 liberabit
953 1567 1031 1612 eum
1048 1541 1231 1623 dominus,

242 1645 292 1719 Ut
309 1646 417 1736 igitur
432 1642 530 1715 Dens
542 1643 678 1733 mitiget
693 1644 851 1734 publicas
868 1658 902 1715 et
917 1646 1070 1737 privatas
1087 1652 1229 1720 calami-

242 1761 348 1833 tates,
380 1771 446 1815 nos
471 1768 619 1840 quoque
636 1769 738 1844 opem
761 1747 914 1842 feramus
937 1748 1088 1834 miseris,
1114 1776 1228 1871 quan·

241 1863 319 1921 tum
347 1849 495 1943 quisque
520 1870 585 1916 suo
615 1847 691 1916 loco
722 1861 848 1941 potest.
913 1846 992 1920 Etsi
1015 1868 1131 1921 autem
1155 1877 1226 1922 scio

240 1974 337 2021 nunc
361 1948 576 2041 respublicas
597 1948 693 2016 varie
714 1962 876 2019 oneratas
898 1974 991 2037 esse,
1013 1966 1132 2023 tamen
1151 1980 1226 2025 non

240 2052 425 2123 deserendi
446 2063 529 2121 sunt
552 2051 748 2120 sacerdotes
768 2051 906 2136 miseri,
932 2077 1020 2147 quos
1039 2057 1225 2148 praecipue

238 2154 343 2224 nobis
373 2150 470 2222 Deus
496 2153 769 2226 commendavit.
833 2150 953 2241 Quare
987 2180 1050 2225 vos
1082 2171 1225 2250 propter

236 2253 354 2326 Deum
379 2269 413 2325 et
426 2253 623 2326 Dominum
645 2267 806 2324 nostrum
825 2250 942 2324 lesum
956 2252 1137 2328 Christum
1159 2285 1223 2330 oro

238 2371 273 2427 et
293 2358 468 2439 obtestor,
500 2367 541 2423 ut
570 2349 666 2423 hunc
688 2357 904 2425 sacerdotem
933 2381 1052 2426 senem
1081 2385 1222 2430 coccum

234 2459 363 2528 misere
377 2468 562 2547 vagantem
577 2479 657 2525 cum
673 2457 789 2547 parvis
803 2458 925 2528 liberis
937 2459 1014 2528 sine
1029 2474 1130 2544 tecto,
1147 2486 1224 2531 am-

234 2560 386 2654 plissimi
408 2557 557 2630 Senatui
576 2570 691 2628 vestro
713 2560 983 2645 commendetis,
1006 2575 1048 2631 ut
1067 2563 1221 2657 aliquem

234 2663 268 2732 ei
293 2661 420 2730 nidum
442 2659 622 2733 attribuat.
677 2654 898 2732 Adficiamur
920 2661 1056 2753 ingenti
1076 2665 1221 2734 calami·

213 2745 303 2836 tate
327 2762 532 2846 sacerdotis,
556 2759 707 2831 utDeus
726 2762 832 2832 nobis
847 2788 988 2857 quoque
1009 2779 1147 2835 nostras
1161 2790 1220 2835 ae-

231 2888 377 2935 rumnas
393 2863 514 2936 leniat.
572 2859 656 2931 Fuit
671 2857 731 2932 hic
746 2887 844 2933 meus
863 2859 1009 2957 hospes,
1034 2880 1068 2936 et
1085 2868 1218 2938 instru-

230 2980 307 3038 ctus
323 2967 447 3055 exiguo
461 2963 590 3034 viatico
607 2966 651 3033 ad
667 2987 749 3034 suos
766 2965 898 3036 liberos
911 2968 1028 3051 rediit,
1053 2969 1218 3062 quisunt

229 3069 268 3137 in
292 3081 406 3137 vestro
428 3066 622 3150 suburbio,
647 3067 743 3136 unde
765 3067 804 3136 in
827 3068 904 3159 ipso
926 3069 1071 3139 brumae
1086 3071 1215 3160 frigore

229 3154 377 3240 elicitur.
426 3167 500 3238 Nec
530 3191 613 3237 voro
646 3180 761 3258 potest
793 3168 863 3238 iam
898 3171 1022 3261 procul
1052 3172 1215 3266 migrare.

228 3269 348 3359 Quare
371 3269 516 3361 recipite
540 3291 636 3338 nunc
656 3268 849 3354 Lazarum,
884 3285 918 3341 et
942 3273 1069 3342 misero
1092 3269 1213 3365 hospi-

226 3372 316 3442 tium
329 3370 583 3465 aliquantisper
598 3371 770 3462 praebete.
819 3369 890 3441 Pro
905 3367 971 3442 hoc
986 3374 1102 3474 officio
1115 3371 1213 3446 Deus

221 3474 327 3544 vobis
341 3488 375 3544 et
388 3472 539 3566 reipubl.
554 3472 711 3564 praemia
724 3484 818 3543 certo
833 3475 1037 3546 redditurus
1050 3490 1112 3552 est.

220 3866 416 3996 Q·
1060 3887 1117 3952 2⁵.
1130 3881 1210 3946 Nov.

596 4021 844 4163 Praffotio.
868 4122 871 4129 .

286 4212 425 4272 Praelatio
436 4215 582 4290 praemissa
597 4216 684 4272 libro:
702 4255 719 4282 ..
727 4220 844 4276 Divinae
856 4221 1006 4305 scripturae
1016 4224 1077 4280 Vet.
1093 4244 1125 4280 ac
1136 4224 1207 4309 Novi

318 4285 482 4340 Testamenti
509 4286 601 4340 omnis
623 4313 659 4328 -·
682 4316 718 4329 ·-
747 4291 986 4346 emendatiorem
1011 4294 1100 4348 lucem
1126 4296 1206 4352 edua.

321 4353 457 4421 (Graece.)
481 4354 562 4411 Basii.
583 4374 632 4425 per
647 4355 687 4411 to.
701 4357 848 4430 llerragen.
869 4362 957 4428 1545„
980 4380 1074 4416 mense
1091 4364 1203 4434 Martio,

317 4420 389 4479 iol.'’
400 4451 434 4466 -
452 4422 566 4494 Legitur
578 4423 659 4477 etism
674 4425 702 4479 in
717 4425 825 4481 libellos
844 4428 1054 4484 Commendatio
1068 4432 1203 4518 etdelen·

316 4481 400 4547 eio'se
420 4492 537 4564 tingints
550 4492 620 4545 inter
641 4502 728 4548 retum
744 4497 878 4551 versionis
894 4516 908 4549 a
925 4497 1120 4554 lo.Pearsomo
1136 4521 1202 4557 serr·

323 4571 377 4634 pte.
397 4512 511 4616 Eelmst.
520 4559 596 4614 test.
613 4510 640 4615 l.
676 4561 713 4632 (Ε
725 4563 796 4619 libro
810 4565 895 4637 priori
909 4565 1065 4638 descriptas
1076 4568 1201 4640 Luneio.)

286 4711 489 4818 Philippus
513 4710 792 4789 Melanchtlton
816 4718 897 4818 pio
921 4673 1123 4799 Lectori.

206 4830 389 4945 Magnum
419 4865 454 4924 et
485 4853 735 4923 admirandum
758 4879 848 4947 opus
874 4852 942 4924 Dei
973 4870 1023 4926 est
1047 4861 1136 4928 coeli
1162 4878 1196 4934 ct

203 4957 366 5040 omniurn
381 4971 569 5048 corporum
585 4956 817 5049 omniumque
829 4957 1063 5029 animantium
1081 4977 1114 5031 et
1129 4958 1195 5033 ho-
1242 4972 1339 5040 neris
1354 4967 1520 5048 humani:

694 265 698 272 ’
817 322 1260 408 nrrsroranun
1318 330 1425 412 um.
1455 335 1518 410 rx.
1571 338 1701 425 1⁵44.

2198 361 2280 443 630

1285 507 1391 575 semel
1412 522 1550 581 tanturn
1572 516 1744 589 allocutus
1759 532 1811 595 est
1824 518 2004 615 homines,
2030 534 2089 600 sed
2112 544 2276 625 saepeac

1285 608 1397 678 multa
1421 614 1603 704 perspicua
1628 621 1827 693 testimonia
1857 649 1939 698 suae
1960 633 2057 701 vocis
2078 635 2206 705 edidit:
2230 651 2273 712 nt

1285 712 1516 782 servationem
1526 713 1650 788 Nohae
1666 720 1703 789 ih
1720 725 1874 812 diluvio,
1898 733 2119 804 eductionem
2136 738 2272 809 miran-

1285 811 1366 879 dam
1390 811 1522 905 Populi
1549 841 1590 887 ex
1610 815 1790 917 Aegypto,
1821 842 1857 899 et
1881 833 2009 902 deinde
2028 837 2158 907 multa:
2191 841 2273 911 'ius-

1284 912 1329 983 sit
1344 913 1453 983 solem
1477 920 1683 1009 consistere,
1709 927 1811 998 iussit
1830 934 1967 1021 regredi
1987 936 2115 1019 solem,
2141 943 2270 1014 excita-

1283 1014 1336 1084 vit
1351 1006 1519 1093 mortuos.
1570 1017 1648 1092 Etsi
1664 1040 1780 1097 autem
1796 1055 1921 1122 magna
1943 1060 2023 1126 pars
2040 1041 2178 1127 generis
2200 1038 2269 1114 hu·

1281 1116 1380 1184 mani
1402 1119 1458 1187 vel
1480 1144 1555 1189 non
1577 1129 1743 1213 attendit,
1774 1132 1829 1200 vel
1852 1138 1985 1225 spernit
2007 1134 2091 1210 haec
2111 1140 2269 1232 ingentia

1280 1217 1389 1287 facta:
1423 1233 1539 1291 tamen
1559 1221 1656 1297 Deus
1680 1225 1872 1304 Ecclesiam
1896 1239 1964 1306 sibi
1987 1240 2073 1310 inde
2095 1251 2267 1345 usqueab

1281 1317 1386 1388 initio
1417 1323 1578 1413 collegit,
1614 1352 1654 1399 ac
1687 1332 1858 1406 mirandis
1888 1341 2003 1409 modis
2032 1347 2203 1431 servavit,
2235 1362 2269 1423 et

1280 1440 1418 1512 semper
1437 1438 1637 1499 servaturus
1660 1445 1726 1502 est:
1760 1459 1866 1528 quam
1889 1442 1967 1514 vult
1988 1457 2110 1515 testem
2139 1472 2213 1525 esse
2233 1450 2288 1524 et'

1281 1515 1408 1592 horum
1448 1526 1621 1599 factorum
1659 1546 1693 1602 et
1730 1537 1922 1616 doctrinae.
1989 1542 2083 1616 Huic
2116 1553 2266 1623 mauda-

1279 1621 1352 1708 vit,
1376 1639 1417 1695 nt
1438 1620 1622 1699 historiam
1641 1635 1810 1709 scriberet
1831 1637 1957 1713 harum
1977 1649 2266 1741 patefactionum,

1277 1735 1313 1793 et
1334 1726 1497 1796 traditam
1522 1733 1719 1805 doctrinam
1741 1742 1844 1812 certis
1864 1758 1899 1815 et
1928 1751 2107 1840 perpetuis
2135 1777 2266 1825 monn-

1276 1827 1405 1896 mentis
1421 1847 1621 1906 enervaret
1672 1833 1726 1908 Ac
1743 1864 1881 1935 semper
1898 1847 1936 1914 in
1953 1848 2083 1921 illustri
2099 1852 2180 1925 loco
2194 1854 2265 1928 Ec-

1276 1926 1417 1997 clesiam
1438 1932 1624 2007 collocavit
1646 1962 1685 2008 ac
1709 1945 1865 2035 conspici
1887 1948 2018 2036 voluit,
2042 1968 2083 2024 ut
2104 1957 2264 2051 reliquae

1275 2042 1394 2116 gentes
1415 2034 1596 2123 audirent,
1622 2062 1694 2109 esse
1711 2059 1847 2115 coetum
1867 2054 2044 2142 quendam
2061 2050 2263 2149 hominum,

1275 2129 1576 2207 circumferentem
1599 2141 1797 2214 doctrinam
1827 2163 1922 2221 certa
1943 2177 2029 2223 voce
2048 2152 2117 2226 Dei
2149 2163 2263 2233 tradi-

1274 2242 1364 2316 tam,
1389 2256 1493 2327 aquo
1511 2253 1610 2310 coetu
1625 2240 1721 2314 Deus
1735 2250 1820 2321 velit
1833 2253 1905 2340 peti
1921 2256 2119 2328 doctrinam
2136 2262 2181 2331 de
2197 2259 2262 2335 ho-

1272 2332 1410 2402 minum
1425 2337 1537 2407 salute
1554 2344 1645 2411 etde
1660 2371 1742 2416 vera
1758 2350 1991 2424 invocatione.
2015 2355 2151 2432 Errant
2165 2367 2259 2437 enirn

1270 2433 1374 2503 multi
1397 2461 1559 2527 perverse
1579 2445 1771 2535 sapientes,
1802 2455 1864 2546 qui
1888 2457 2150 2549 imaginantur,
2179 2469 2260 2537 nul·

1271 2533 1340 2601 lam
1365 2536 1403 2605 in
1427 2533 1495 2609 hoc
1516 2542 1609 2613 libro
1636 2544 1813 2622 Ecclesiae
1837 2559 2034 2629 doctrinam
2066 2564 2177 2635 aliam
2201 2583 2259 2640 aut

1271 2636 1453 2707 meliorem
1469 2647 1661 2732 contineri,
1680 2676 1786 2743 quam
1801 2657 1846 2727 sit
1861 2659 2011 2730 aliarum
2026 2667 2190 2752 gentium
2205 2695 2257 2740 sa·

1269 2736 1402 2826 pientia
1425 2742 1471 2811 de
1490 2740 1588 2831 Deo,
1623 2751 1668 2819 de
1691 2754 1841 2826 vinculis
1869 2754 2045 2833 humanae
2068 2769 2257 2860 societatis,

1268 2838 1313 2907 de
1331 2842 1586 2929 gubernatione
1603 2844 1812 2938 hominum,
1837 2861 1881 2933 de
1896 2863 2001 2933 honis
2012 2869 2187 2951 moribus.

1368 2939 1422 3012 Ac
1436 2947 1618 3019 sciendum
1635 2968 1703 3041 est,
1729 2958 1833 3048 longe
1850 2963 1955 3032 aliam
1969 2966 2182 3056 sapientiam
2200 2969 2254 3047 hic

1265 3043 1452 3118 contineri.
1504 3049 1633 3140 Ingens
1657 3069 1690 3125 et
1713 3059 1891 3131 inlinitum
1913 3067 2103 3139 discrimen
2124 3087 2180 3146 est
2200 3077 2254 3146 in·

1263 3155 1319 3211 ter
1333 3145 1442 3235 legem
1459 3147 1525 3218 Dei
1551 3153 1694 3225 insitam
1724 3165 1884 3232 omnium
1909 3171 2106 3257 mentibus,
2129 3179 2253 3248 nohis-

1263 3268 1343 3313 cum
1359 3266 1577 3339 nascentem,
1600 3270 1634 3327 et
1648 3273 1769 3328 notam
1785 3267 1951 3338 omuibus
1974 3273 2160 3361 gentihus,
2185 3304 2251 3349 un-

1262 3346 1305 3414 de
1323 3349 1483 3420 doctrina
1504 3357 1664 3427 omnium
1689 3365 1845 3450 gentium
1861 3369 1905 3438 de
1929 3374 2189 3459 gubernatione
2203 3383 2249 3452 ci-

1261 3447 1325 3516 vili
1343 3463 1376 3519 et
1391 3453 1433 3520 de
1449 3454 1553 3526 bonis
1566 3461 1726 3531 moribus
1741 3479 1823 3537 nata
1840 3483 1910 3555 est,
1936 3488 1970 3544 et
1984 3474 2078 3545 inter
2098 3484 2249 3570 promis-

1261 3549 1394 3619 sionem
1412 3557 1587 3644 prolatam
1606 3585 1646 3630 ex
1661 3564 1741 3633 sinu
1756 3572 1889 3640 aeterni
1907 3576 2036 3663 patris,
2063 3580 2109 3647 de
2124 3606 2248 3654 recon-

1260 3650 1440 3724 ciliatione
1455 3659 1594 3756 generis
1609 3657 1774 3753 humani,
1799 3671 1843 3740 de
1861 3674 2036 3746 abolendo
2056 3697 2200 3770 peccato
2215 3703 2246 3760 et

1260 3752 1432 3824 abolenda
1448 3776 1578 3841 morte,
1602 3767 1646 3832 de
1660 3765 1874 3843 restituenda
1890 3777 1999 3847 salute
2017 3794 2183 3869 aeterna,
2206 3789 2246 3860 de

1260 3853 1332 3923 filio
1354 3854 1420 3927 Dei
1445 3863 1649 3938 mediatore.
1700 3865 1802 3941 Hanc
1824 3899 1987 3947 arcanam
2009 3895 2044 3951 et
2065 3885 2246 3958 admiran-

1258 3956 1339 4025 dam
1371 3961 1597 4050 sapientiam,
1633 3993 1723 4062 quae
1748 3987 1783 4043 et
1808 3980 1943 4066 angelis
1971 3995 2008 4051 et
2038 3977 2244 4061 hominihus

1257 4057 1375 4146 ignota
1390 4076 1483 4148 erat,
1507 4061 1606 4136 Deus
1616 4070 1788 4143 immensa
1804 4078 2045 4153 misericordia
2059 4091 2225 4177 patefecit
2231 4117 2242 4178 ;

1256 4153 1475 4233 hanc'scribi
1499 4166 1537 4236 in
1553 4162 1621 4239 hoc
1636 4172 1729 4243 libro
1744 4177 1879 4266 voluit,
1903 4195 1939 4252 et
1954 4176 2062 4256 huius
2076 4188 2165 4260 libri
2182 4217 2240 4264 cu·
2262 4214 2269 4237 ·

1254 4263 1391 4331 stodem
1412 4288 1485 4336 esse
1514 4269 1617 4341 iussit
1636 4269 1841 4348 Ecclesiam.
1897 4279 1946 4355 Et
1975 4309 2078 4379 saepe
2109 4309 2240 4382 monet,

1253 4364 1440 4456 praecipue
1454 4391 1491 4437 se
1505 4364 1591 4442 haec
1606 4374 1720 4446 officia
1744 4380 1921 4470 flagitare,
1947 4387 2156 4479 lectionem,
2181 4422 2239 4467 cu·

1252 4465 1421 4554 stodiam,
1458 4485 1492 4541 et
1522 4479 1811 4565 propagationem
1844 4478 1952 4556 huius
1983 4489 2082 4562 libri.
2142 4495 2237 4570 Sicut

1251 4561 1375 4635 Esaias
1397 4585 1496 4641 vocat
1518 4597 1642 4645 omnes
1666 4581 1711 4649 ad
1733 4582 1844 4672 legem
1868 4592 1963 4659 etad
1984 4594 2236 4684 testimoninm,

1249 4690 1289 4735 ac
1311 4669 1470 4741 minatur
1494 4676 1641 4747 exitium
1668 4694 1701 4752 et
1721 4697 1879 4757 aeternas
1900 4693 2064 4765 tenebras
2081 4697 2151 4785 -iis,
2177 4702 2233 4796 qui

1247 4761 1408 4839 haecllei
1425 4776 1624 4848 testimonia
1640 4784 1835 4876 negligunt.
1868 4788 1939 4862 Sed
1955 4818 1977 4864 o
1991 4796 2124 4869 ferreas
2138 4826 2233 4874 men

1246 4881 1297 4939 tes
1311 4863 1519 4946 hominum!
1571 4877 1739 4955 Testatur
1753 4884 1866 4973 Deus,
