4868 6420
273 360 347 435 cor
848 343 1288 429 unrsronxuou
1341 345 1544 424 xrs-tx
1599 343 1732 424 cass,
2240 346 2315 423 sos
2404 299 2415 307 ’

248 547 330 609 ἰω
349 531 421 604 iam
442 527 613 622 praefidio
636 548 709 597 esse
728 522 891 597 debebat.
940 517 1139 692 &totemp
1156 519 1267 593 dicito
1316 514 1368 616 μὴ
1385 513 1519 615 σαφές,
1553 540 1618 588 nec
1635 514 1728 587 nibil
1745 518 1894 610 periculi
1912 519 2004 605 adii,
2034 521 2121 591 dum
2137 521 2312 617 quaedam

270 658 351 709 meo
374 631 521 704 nomine
547 627 720 716 Magistro
737 617 909 705 Franco,
942 622 997 697 M.
1013 619 1106 694 Ioac
1136 620 1210 692 imo
1233 635 1270 693 et
1317 621 1473 715 praecidi
1499 620 1775 709 confragosiora:
1816 622 1950 692 retinui
1972 647 2056 693 vero
2079 620 2313 693 et‘illustravi

272 729 461 815 Thomas,
500 756 542 801 ac
562 730 706 801 caeteris
733 727 905 799 convivis.
961 719 1007 796 F
1001 720 1150 796 riderici
1169 738 1269 818 puter
1317 724 1438 808 utilia,
1476 722 1573 814 quod
1603 733 1720 791 tamen
1743 724 1942 793 verecunde
1966 724 2050 810 feei,
2090 747 2137 793 ne
2164 721 2316 807 irritatis

272 837 314 909 in
328 831 442 931 Sigen
453 831 483 930 ²)
498 845 658 902 amanter
670 843 704 899 et
716 827 912 899 liberaliter
926 851 984 897 me
998 829 1146 920 excepit,
1172 827 1268 919 quod
1318 821 1647 892 vehementioribus
1662 822 1815 912 ingeniis
1830 826 2025 895 discordias
2039 824 2150 915 magis
2171 824 2315 894 inflam-

274 938 310 1009 ei
325 933 630 1009 commemorabis.
682 928 780 1001 Bene
792 928 889 1016 vale,
913 929 972 1000 die
987 928 1023 1001 9.
1037 927 1147 1015 Maii,
1170 926 1271 1000 Bon·
1319 949 1464 996 marem.
1522 922 1607 993 Fuit
1629 924 1726 992 enim
1751 920 1819 995 hoc
1840 921 1932 1025 mihi
1955 928 2061 998 etiam
2089 949 2212 1007 curae,
2246 950 2317 1015 no-

273 1062 344 1111 nae
358 1042 403 1112 ad
421 1033 611 1121 Rhenum,
638 1028 748 1106 154³.
1320 1041 1450 1109 strum,
1481 1018 1550 1094 hoc
1572 1038 1624 1094 est
1638 1020 1836 1107 Ecclesiae,
1870 1044 2080 1100 consensum
2104 1024 2145 1099 in
2164 1016 2319 1099 maioris

903 1141 1094 1240 philippus
1110 1159 1221 1239 pater,
1320 1131 1387 1198 bus
1410 1126 1522 1196 causis
1544 1139 1585 1196 ut
1605 1141 1734 1201 tuerer.
1794 1124 1904 1198 Vides
1925 1131 2022 1199 enim
2043 1130 2160 1222 quam
2180 1129 2316 1201 multae

1095 1315 1099 1323 ι
1321 1229 1410 1300 aliae
1425 1251 1548 1298 causae
1562 1226 1771 1298 utilissimae
1785 1244 1900 1301 motae
1913 1232 1996 1304 sint.
2046 1228 2098 1303 Ut
2112 1240 2228 1302 autent
2247 1230 2318 1302 du·

979 1359 1271 1380 --·-----
1322 1355 1404 1400 cnm
1422 1353 1486 1418 ars
1510 1342 1580 1414 est,
1615 1327 1753 1400 leviora
1773 1344 1807 1401 et
1832 1355 1978 1422 paterga
2002 1331 2182 1403 interdurn
2204 1330 2318 1403 relin-

841 1515 844 1520 ,
1323 1456 1448 1526 quere,
1486 1454 1531 1500 ne
1553 1430 1794 1521 impediantur
1815 1433 1853 1504 in
1876 1433 2129 1529 persequendis
2149 1436 2318 1506 adversa·

277 1528 476 1606 ustrou
1111 1522 1407 1618 tulissetis,
1446 1532 1495 1601 ita
1525 1532 1629 1601 nobis
1659 1532 1854 1604 videndum
1883 1537 2035 1620 est„de
2057 1535 2186 1631 quibus
2209 1536 2319 1607 rebus

284 1624 457 1660 Μ
835 1710 841 1727 ⁸
1102 1615 1274 1644 ‘A‘
1323 1634 1475 1704 maxime
1504 1632 1747 1703 dimicandum
1778 1636 1835 1710 sit.
1893 1635 2081 1708 Pontifices
2102 1635 2230 1709 maiori
2256 1660 2360 1733 spe·

645 1704 683 1796 Ῑ.
716 1702 908 1811 Cafvttw.
1109 1732 1130 1783 “-
1325 1760 1432 1829 quam
1465 1758 1624 1828 unquam
1656 1758 1735 1805 suas
1772 1731 2040 1832 sidolopcrt'cc
2078 1750 2320 1832 propugnant.

349 1887 430 1945 tedia
447 1887 493 1941 h,
520 1885 550 1939 to
576 1882 685 1940 affini.
737 1883 779 1937 q,
799 1895 825 1938 a
847 1903 889 1938 res
910 1899 971 1938 m
1012 1878 1107 1938 (Μ,
1131 1880 1207 1936 1617.
1225 1879 1275 1936 50¹·
1324 1835 1558 1909 Arbitrantur
1587 1837 1684 1904 enim
1708 1837 1857 1910 stultitia
1881 1852 2084 1911 nostrorum
2107 1834 2319 1934 Principum

384 1976 412 2032 p.
423 1927 493 2014 sats
517 1924 611 2009 Eiusd.
626 1901 749 2025 Oppff'.
764 1952 811 2010 vt.
830 1953 860 2008 Ρ.
875 1901 910 2009 tf.
928 1971 957 2024 p.
971 1920 1029 2008 fat.
1108 1921 1116 1939 ’
1324 1951 1446 2009 nostra
1470 1938 1633 2028 dogmata
1655 1938 1793 2009 unitura
1817 1965 1911 2026 esse,
1942 1965 2031 2035 quos
2051 1941 2175 2013 vident
2196 1938 2321 2036 impli-

1325 2039 1397 2111 cari
1416 2038 1519 2109 bellis
1536 2037 1721 2122 civilibus,
1745 2056 1780 2112 et
1800 2042 1938 2112 irritare
1952 2034 2132 2114 Catulum
2148 2037 2321 2115 hactenus

1215 2168 1216 2173 ¹
1326 2155 1516 2212 cessantem
1546 2152 1579 2209 et
1608 2139 1709 2234 quasi
1737 2144 1944 2232 fugitantem
1972 2146 2066 2214 bella
2094 2141 2322 2221 Germanica.

282 2233 345 2326 Er
371 2245 544 2320 nundinis
567 2243 946 2315 francofordiensibus
972 2242 1118 2333 epistola
1147 2242 1192 2310 ad
1219 2262 1275 2309 me
1325 2239 1405 2313 Etsi
1419 2236 1487 2311 hoc
1502 2254 1600 2311 tanto
1626 2241 1721 2311 malo
1742 2262 1904 2330 moveor,
1930 2248 2024 2340 quod
2049 2246 2193 2340 quidem
2216 2270 2321 2338 saepe

281 2348 562 2429 tuauansmissa
579 2359 649 2430 est,
674 2344 832 2436 exempla
850 2368 932 2414 vero
950 2345 1035 2413 editi
1057 2342 1178 2433 scripti
1201 2364 1276 2411 uon
1326 2342 1487 2436 praedixi
1509 2342 1704 2413 vaticinans
1724 2339 1770 2416 οὐ
1790 2351 1970 2442 μαντικῇ,
2004 2340 2096 2418 ἀλλὰ
2113 2343 2350 2446 φιλοσοφία·

283 2468 368 2528 sunt
390 2452 510 2533 allata3
548 2448 685 2518 tardius
714 2447 809 2515 enim
833 2444 1129 2544 Francofordiam
1152 2443 1277 2512 allatae
1326 2469 1400 2517 τινι
1423 2435 1587 2531 stadios,
1624 2466 1705 2515 cum
1720 2436 1929 2541 Principum
1952 2443 2322 2548 πολυπραγμοσύνην

282 2560 436 2630 fuerant.
494 2548 619 2620 Postea
642 2542 800 2618 Bonnac
823 2549 915 2638 apud
939 2545 984 2619 D.
1006 2541 1188 2615 Bactrum
1212 2569 1278 2614 na·
1328 2560 1362 2617 et
1386 2545 1474 2615 alios
1497 2545 1643 2615 morbos
1660 2545 1835 2617 viderem:
1870 2563 1987 2620 umen
2003 2551 2075 2621 scio
2091 2549 2206 2622 Deum
2226 2551 2324 2624 inter

283 2673 362 2732 ctus
384 2650 583 2743 exemplum
605 2642 682 2720 vidi
703 2644 773 2742 τὴν
796 2641 1057 2743 προςφώνησιν
1079 2649 1121 2716 ad
1143 2671 1220 2726 me,
1243 2658 1278 2717 ει
1327 2646 1448 2718 fatales
1471 2646 1702 2739 imperiorum
1724 2652 1899 2721 tumultus
1924 2652 2103 2721 ecclesiam
2128 2675 2227 2748 suam
2246 2676 2322 2725 ser·

548 2103 764 2182 Iohanni
793 2102 1006 2181 Calvino.

170 2775 177 2782 '
268 2759 402 2832 subito
413 2757 544 2825 bonam
558 2764 693 2842 partem
705 2750 955 2843 disputationis
967 2749 1081 2819 evolvi
1093 2742 1141 2838 *)'.
1169 2746 1278 2837 Quod
1327 2773 1410 2819 vare
1432 2749 1655 2823 mirabiliter.
1721 2746 1804 2821 Non
1828 2752 1936 2842 igitur
1953 2754 2158 2844 frangamur
2179 2754 2323 2843 animis,

283 2874 402 2934 autem
419 2851 615 2925 honorifico
633 2853 834 2923 testimonio
852 2875 908 2920 me
924 2853 1062 2920 ornaris
1085 2852 1182 2921 etde
1204 2862 1278 2919 tota
1328 2853 1387 2920 sed
1403 2852 1491 2920 dum
1508 2874 1714 2944 possumus,
1739 2875 1925 2939 sonemus,
1958 2870 1998 2927 ut
2018 2879 2209 2926 conversus
2229 2854 2322 2928 latm

284 2983 414 3035 renon
430 2957 545 3027 solum
562 2954 620 3047 pie
636 2956 697 3024 sed
717 2954 820 3023 etiam
844 2954 1049 3045 eloquenter
1072 2949 1279 3021 disserueris
1328 2954 1508 3037 inemec,
1546 2951 1744 3022 doctrinam
1768 2955 1813 3024 de
1836 2955 1909 3026 filio
1932 2954 2019 3043 Dei,
2056 2959 2170 3052 deque
2194 2980 2324 3029 arcana

285 3066 331 3138 de
347 3076 497 3152 utraque
513 3080 572 3140 re,
606 3055 770 3125 videlicet
783 3055 826 3122 de
840 3077 916 3122 mea
941 3054 1155 3142 gratitudine
1178 3067 1211 3122 et
1234 3053 1279 3120 de
1330 3054 1518 3145 sapientia,
1552 3076 1642 3146 quae
1668 3068 1719 3124 est
1743 3055 1907 3128 ecclesiae
1929 3058 2092 3151 propria,
2122 3056 2323 3149 demagni.

286 3167 365 3258 ipsa
378 3158 616 3252 disputatione
630 3179 746 3227 coram
763 3178 839 3238 nos,
864 3170 904 3225 ut
920 3154 1015 3224 soliti
1032 3176 1163 3237 sumus,
1188 3176 1279 3246 quo·
1330 3156 1455 3226 tudine
1472 3150 1647 3224 humanae
1662 3154 1894 3244 infirmitatis,
1919 3161 1964 3230 de
1984 3160 2202 3253 poenitentia
2222 3174 2257 3234 οι
2276 3161 2322 3231 fi.

285 3268 353 3340 ties
384 3286 457 3334 una
484 3260 616 3330 fuimns
643 3257 779 3348 prolixe
810 3255 964 3348 colloqui
991 3280 1090 3346 posse
1115 3254 1280 3347 optarim.
1331 3256 1433 3327 ducia
1456 3255 1648 3347 promissae
1671 3257 1934 3329 misericordiae
1949 3275 2094 3352 propter
2112 3262 2225 3332 filium
2239 3258 2323 3349 Dei,
2348 3320 2353 3325 .

286 3363 367 3440 Etsi
390 3353 486 3433 enim
509 3371 645 3430 tantum
671 3359 726 3428 vel
748 3357 882 3446 ingenii
906 3357 963 3424 vel
987 3357 1168 3426 doctrinae
1190 3350 1281 3423 mihi
1331 3383 1413 3427 vera
1429 3356 1672 3441 invocatione,
1706 3373 1740 3429 et
1755 3361 1846 3429 veris
1861 3362 2024 3433 ecclesiae
2038 3363 2249 3445 virtutibus,
2277 3365 2323 3436 de

287 3492 364 3540 non
380 3485 525 3552 arrogo,
552 3475 723 3554 quantum
741 3457 888 3542 tribuis,
914 3471 948 3528 et
966 3482 1031 3526 nos
1056 3457 1220 3550 inprimis
1242 3457 1281 3524 in
1331 3459 1506 3553 mysteriis
1537 3483 1611 3528 non
1639 3460 1863 3550 polluendis,
1909 3466 1953 3533 de
1987 3465 2153 3535 ecclesiae
2184 3465 2324 3558 politia,

289 3564 435 3642 ecclesia
460 3579 646 3652 agnoscere
673 3559 946 3631 imbecillitatem
977 3573 1133 3629 nostram
1164 3560 1280 3627 decet:
1331 3585 1406 3630 non
1429 3560 1614 3653 illaquam
1638 3560 1778 3648 fingunt
1799 3561 2004 3650 Pontifices,
2035 3569 2096 3635 sed
2117 3565 2232 3659 qualis
2253 3568 2325 3643 fuit

171 3659 174 3664 .
287 3687 406 3744 gamen
432 3663 674 3734 benevolentia
700 3685 780 3752 erga
803 3686 859 3730 me
882 3675 945 3730 tua
966 3655 1193 3730 vehementer
1219 3661 1282 3728 de·-
1331 3657 1585 3754 prophetarum
1603 3676 1637 3731 et
1650 3660 1924 3754 Apostolorum,
1946 3669 2099 3762 denique
2113 3670 2159 3737 de
2174 3667 2248 3740 vita
2263 3692 2324 3740 aa.

286 3774 416 3853 lector,
451 3765 588 3857 tibique
613 3764 759 3852 gratiam
784 3760 919 3846 habeo,
956 3765 1053 3854 quod
1087 3761 1125 3830 in
1151 3761 1281 3851 scripto
1332 3779 1442 3834 torua.
1499 3758 1557 3832 Ad
1582 3757 1710 3832 harum
1731 3764 1962 3837 maximarum
1983 3793 2102 3840 rerum
2123 3769 2325 3842 doen-imm

287 3871 470 3946 luculento
488 3880 656 3959 tanquam
678 3866 718 3933 in
742 3864 872 3933 illustri
895 3864 1042 3953 positam
1067 3863 1144 3933 loco
1166 3875 1282 3932 extare
1332 3865 1528 3935 ornandam
1551 3865 1754 3954 'transferas
1790 3868 1896 3936 velim
1936 3870 2175 3965 eloquentiam
2214 3885 2326 3960 tuam,

289 3968 581 4064 significationem
597 3966 726 4035 amoris
743 3988 825 4054 erga
839 3989 894 4032 me
910 3966 963 4036 tui
978 3964 1135 4036 voluisti.
1188 3960 1282 4034 Gra·
1333 3990 1422 4059 quae
1438 3977 1471 4033 et
1488 3965 1696 4034 confirmare
1710 3981 1870 4053 nostros,
1894 3981 2026 4041 terrere
2047 3973 2267 4044 adversarios
2289 3988 2325 4047 et

286 4089 368 4159 tum
382 4065 472 4142 mihi
489 4083 524 4139 et
539 4069 629 4138 illud
645 4083 744 4139 tuum
770 4066 1012 4136 testimonium
1034 4089 1106 4135 esse
1130 4065 1283 4153 ingenue
1333 4066 1506 4135 sanabiles
1529 4065 1649 4135 iuvare
1672 4069 1812 4157 poterit.
1871 4067 1982 4141 Cuius
2010 4085 2060 4143 est
2087 4073 2181 4144 enim
2208 4075 2325 4148 nrafio

289 4178 419 4258 fateor,
452 4172 547 4266 quod
567 4195 623 4238 me
640 4183 674 4239 et
690 4192 808 4237 amare
832 4180 865 4237 et
887 4192 1054 4261 quaerere.
1076 4166 1283 4257 simplicite·
1333 4162 1401 4237 hoc
1431 4182 1588 4255 tempore
1620 4166 1659 4237 iu
1690 4169 1905 4262 disputando
1939 4173 1995 4244 vel
2025 4177 2226 4264 nervosior,
2266 4177 2326 4248 vel

289 4292 363 4352 tem
377 4275 478 4346 dicis.
499 4353 503 4361 ¹
526 4270 617 4343 Nam
630 4269 831 4363 praedicare
851 4268 945 4338 bona
964 4267 1178 4338 conscientia
1200 4289 1284 4358 pos-
1334 4269 1579 4360 splendidior?
1628 4267 1755 4340 Nostra
1778 4273 1835 4340 vel
1858 4291 2002 4366 propter
2022 4276 2157 4367 ingenii
2171 4277 2326 4349 infirmi.

291 4403 392 4463 tum,
423 4373 532 4447 fuisse
553 4368 620 4442 hoc
645 4395 763 4441 meum
787 4371 965 4454 studium,
997 4395 1077 4440 cum
1099 4368 1203 4438 initio
1220 4363 1283 4437 ba·
1333 4383 1459 4453 tatem,
1498 4371 1555 4438 vel
1583 4370 1726 4462 propter
1754 4396 1811 4442 eas
1837 4398 2043 4464 aerumnas,
2077 4379 2208 4473 quihus
2235 4403 2327 4452 con·

291 4504 373 4553 rum
394 4474 663 4549 contentionum
687 4472 798 4542 multa
822 4467 1003 4542 horridius
1026 4485 1061 4540 et
1085 4469 1283 4540 intricatius
1333 4484 1447 4541 sumta
1462 4485 1513 4541 est
1528 4483 1674 4540 naturae
1689 4473 1761 4559 vis,
1787 4475 1909 4571 siqua
1931 4476 2018 4564 fuit,
2046 4493 2098 4550 est
2117 4480 2327 4575 squalidior.

291 4582 578 4674 disputarentur,
606 4589 647 4646 ut
671 4597 891 4666 excerperem
916 4595 972 4642 res
994 4573 1118 4656 utiles,
1157 4594 1283 4665 easque
1333 4571 1559 4663 Magnopere'
1575 4572 1683 4660 igitur
1702 4577 1856 4664 gaudeo,
1889 4578 2065 4652 divinitus
2084 4595 2119 4652 te
2141 4583 2186 4652 ad
2200 4578 2327 4661 Em,

292 4707 337 4756 ex
352 4683 414 4752 illa
431 4678 584 4768 caligine
596 4678 771 4761 evolutas,
804 4687 975 4770 quantum
997 4695 1153 4765 possem,
1179 4672 1283 4763 plane
1334 4673 1416 4764 gelii
1433 4673 1701 4766 explicationem
1716 4678 1903 4750 excitatum
1920 4703 2010 4761 esse,
2034 4693 2138 4776 teque
2151 4682 2213 4755 illa
2224 4682 2327 4776 ‘Apo-

293 4797 329 4856 et
342 4785 464 4854 dextre
479 4780 681 4862 recitarem,
706 4800 770 4846 nec
787 4801 868 4847 raro
886 4776 977 4845 illud
994 4771 1178 4864 Euripidis
1192 4767 1285 4841 milti
1333 4774 1416 4845 stoli
1432 4798 1516 4857 voce
1529 4769 1715 4863 adhortor,
1747 4803 1852 4873 quam
1875 4781 1998 4853 scribiq
2014 4785 2058 4853 ad
2076 4778 2327 4859 Timotheum:

293 4885 445 4957 venitin
458 4895 630 4952 mentem:
663 4875 802 4951 ἐσθλὸν
821 4873 864 4950 τὸ
889 4868 1005 4971 σαφὲς
1027 4889 1061 4946 ει
1078 4872 1225 4972 ἄσοφον
1240 4868 1284 4947 τὸ
1333 4871 1385 4969 μὴ
1404 4870 1526 4968 ἀμέλει
1540 4879 1609 4953 τοῦ
1625 4875 1665 4949 ἐν
1679 4873 1738 4950 σοὶ
1749 4876 1992 4976 χαρίσματος,
2316 4880 2321 4886 ·

1436 4975 1512 5047 Etsi
1536 4991 1652 5047 autem
1676 4979 1800 5053 videor
1824 4977 1994 5078 ὀτρύνειν
2016 4978 2244 5074 σπεύδοντα,
2271 5003 2328 5062 ta·

1335 5101 1417 5146 men
1438 5081 1483 5147 ad
1506 5079 1768 5152 confirmandos
1789 5085 1928 5155 animos
1951 5082 2017 5156 hae
2037 5103 2181 5159 mutuae
2197 5085 2328 5164 cobor-

329 5202 1071 5282 1)naengumequunw,„Uggascheuom
1334 5181 1484 5250 tationes
1507 5203 1569 5250 seu
1597 5184 1854 5254 consolationes
1881 5186 2085 5278 praesertim
2113 5190 2152 5260 in
2182 5190 2330 5266 ecclesia

327 5296 355 5365 t)
374 5292 533 5362 tantatus,
550 5292 605 5349 vid.
623 5311 665 5364 ep.
680 5291 707 5346 d.
720 5291 746 5345 5.
760 5288 838 5345 Mitt.
1333 5281 1470 5374 aliquid
1499 5282 1718 5369 conducunt,
1755 5301 1796 5358 ut
1817 5285 1951 5359 Paulus
1979 5308 2015 5358 se
2042 5289 2091 5361 ait
2118 5292 2209 5363 velle
2223 5280 2329 5391 ,auu

326 5373 1284 5518 ffia‘l‘tlr'ffggffiossssffi'2¹22&“Ribgffi'pftffi‘gfuffff
1333 5382 1624 5475 παραπληθῆναι
1634 5368 1932 5478 aliorumpiornrn
1942 5390 2066 5461 officiis
2075 5415 2115 5462 ac
2123 5416 2330 5467 commone·

359 5533 427 5572 Μ,
447 5511 522 5571 tata.
802 5560 820 5589 ζ
1333 5483 1495 5560 factione.
1548 5481 1641 5554 Satis
1658 5499 1709 5557 est
1731 5479 1908 5573 bostium,
1938 5492 2001 5588 qui
2020 5495 2170 5566 domino
2190 5496 2329 5573 bellum
