4868 6420
235 336 308 410 ast

232 506 338 576 etiam
354 518 475 576 utrum
490 531 558 575 vox
576 508 693 601 aliqua
715 506 820 578 certis
842 506 1055 578 testimoniis
1077 507 1170 576 edita
1194 520 1229 577 et

231 611 412 700 quomodo
429 623 620 700 propagata
642 609 759 682 fuerit.
802 606 898 678 Haec
915 633 994 676 cum
1012 609 1050 676 in
1066 606 1225 702 Aegypto

229 703 503 779 Mathematicus
519 712 669 792 audiret,
699 711 800 779 facile
817 734 858 778 ex
875 710 1001 778 vicinis
1017 708 1155 781 Iudaeis
1170 711 1225 779 di-

231 834 326 879 scere
356 825 502 901 poterat.
570 811 640 882 Sed
668 825 702 881 et
732 836 853 880 vocem
883 824 916 879 et
939 808 1133 880 Ecclesiam
1158 809 1224 880 Dei

228 912 383 981 maxima
399 935 480 1003 pars
497 907 685 982 bominum
700 936 837 1005 semper
853 927 1071 1003 aspernatur.

333 1062 515 1154 Quorsum
530 1078 647 1136 autem
658 1061 725 1135 hoc
742 1080 811 1135 tam
826 1067 952 1156 procul
964 1067 1150 1157 repetitum
1164 1089 1224 1135 ex-

230 1167 372 1236 ordium
386 1168 562 1258 pertinet?
600 1166 681 1238 Huc
696 1168 881 1250 videlicet,
896 1182 936 1238 ut
953 1169 1121 1253 sciamus,
1136 1192 1222 1237 nus-

229 1293 336 1361 quam
360 1292 432 1337 esse
464 1293 584 1337 veram
607 1268 675 1338 Dei
695 1265 922 1353 Ecclesiam,
941 1269 1011 1337 nisi
1033 1272 1126 1360 apud
1151 1294 1221 1350 cos,

227 1371 293 1462 qui
316 1370 426 1440 libros
439 1365 670 1462 Propheticos
697 1383 732 1439 et
752 1367 977 1460 Apostolicos
1001 1372 1222 1461 amplectun-

226 1485 306 1556 tur,
335 1495 510 1565 nusquam
525 1469 639 1541 Deum
654 1485 746 1540 recte
769 1472 951 1556 invocari,
976 1472 1045 1540 nisi
1069 1473 1132 1542 ubi
1155 1475 1221 1541 do-

226 1573 344 1642 ctrina
366 1568 494 1642 horum
522 1574 697 1642 librorum
726 1573 827 1644 lucet.
886 1571 967 1661 Qua
991 1574 1030 1640 in
1052 1598 1090 1642 re
1115 1575 1219 1643 etiam

155 1685 158 1687 ’
225 1668 297 1743 hoc
319 1675 495 1763 singulare
512 1673 579 1742 Dei
602 1674 811 1743 beneficium
837 1674 1132 1744 considerandum
1157 1689 1219 1758 est,

224 1777 324 1868 quod
343 1773 440 1845 Deus
473 1789 506 1845 et
532 1776 712 1847 contextui
742 1775 857 1845 voluit
887 1776 1058 1865 integram
1092 1777 1217 1845 seriem

222 1877 389 1946 omnium
403 1888 622 1969 temporum,
648 1892 680 1947 et
695 1901 758 1945 sua
774 1900 858 1946 cura
880 1868 946 1945 ho's
969 1878 1078 1954 libros
1101 1901 1217 1955 serva-

224 1978 296 2064 vit;
324 1979 397 2046 imo
412 1980 457 2047 ad
470 1974 600 2047 horum
614 1979 789 2047 librorum
806 1978 1107 2048 conservationem
1126 1978 1224 2068 poli-⁴

223 2080 274 2150 tia
291 2080 441 2173 mosaica
455 2081 643 2149 constituta
659 2094 725 2163 est,
741 2103 830 2172 quae
846 2081 930 2172 quid
947 2080 1015 2150 fuit
1030 2081 1098 2148 nisi
1115 2075 1217 2148 scho-

223 2181 311 2265 laet
323 2177 539 2274 bibliotheca
553 2177 682 2251 horum
699 2181 898 2249 librorum?

326 2335 423 2406 Fons
438 2350 489 2404 est
505 2349 622 2405 autem
638 2335 773 2424 primus
789 2333 881 2403 liber
894 2332 1022 2418 bloisi,
1049 2335 1150 2403 cuius
1171 2334 1216 2404 ti-

210 2437 323 2508 tulus
345 2431 579 2517 estGenesis,
606 2461 710 2529 quem
734 2436 892 2506 fortassis
915 2437 1076 2505 derident
1098 2431 1216 2505 homi-

222 2562 287 2608 nes
308 2535 504 2631 prophani,
534 2564 598 2607 nec
622 2539 765 2607 differre
787 2551 913 2627 putant
943 2562 962 2605 a
984 2536 1110 2606 Timeo
1133 2535 1216 2606 Pla-

135 2640 143 2646 ’
223 2633 339 2723 tonis,
371 2643 411 2709 in
434 2667 504 2735 quo
526 2641 631 2709 etiam
656 2640 826 2709 extructio
853 2639 977 2706 mundi
993 2639 1213 2712 describitur.

224 2739 296 2811 Sed
317 2743 398 2833 pius
418 2745 531 2816 lector
553 2742 633 2820 scit,
663 2742 787 2829 ingens
816 2763 889 2808 esse
910 2739 1099 2807 discrimen
1131 2765 1214 2830 pro-

223 2838 423 2934 phanatum
447 2843 722 2932 descriptionum
747 2855 781 2910 et
802 2836 927 2924 huius,
952 2841 1099 2909 traditae
1120 2842 1214 2909 divi·

224 2942 330 3015 nitus.
382 2944 463 3014 Non
479 2957 615 3013 tantum
631 2946 673 3012 de
690 2967 876 3032 corporum
894 2942 1006 3009 initiis
1031 2956 1064 3012 et
1087 2956 1213 3012 natura

223 3039 283 3113 hic
304 3046 454 3130 dicitur,
480 3047 540 3114 sed
556 3043 652 3113 Deus
678 3044 899 3114 describitur.
950 3042 1090 3112 Deinde
1112 3044 1213 3113 initia

221 3141 420 3231 Ecclesiae,
446 3161 591 3237 propter
607 3169 711 3238 quam
727 3160 860 3214 caetera
875 3145 1016 3214 condita
1033 3158 1132 3230 sunt,
1157 3170 1214 3216 re·

223 3249 398 3332 citantur,
423 3272 513 3342 quae
527 3248 610 3315 sciri
628 3269 766 3315 necesse
781 3260 849 3328 est,
874 3259 915 3314 ut
928 3246 1096 3326 sciamus,
1117 3248 1213 3315 unde

223 3350 271 3420 sit
282 3346 459 3418 Ecclesiae
482 3349 659 3431 doctrina,
685 3361 718 3416 et
743 3348 920 3440 quomodo
944 3362 1133 3437 propagata
1156 3349 1211 3418 sit.

219 3446 398 3521 Ethnicae
420 3451 685 3541 superstitiones
713 3450 932 3538 irrepserunt
956 3449 992 3515 in
1026 3444 1211 3517 hominum

221 3547 468 3622 conventicula
493 3553 569 3620 sine
592 3551 695 3620 certis
712 3550 911 3632 autoribus,
937 3563 1055 3639 postea
1077 3575 1141 3639 per
1159 3551 1213 3618 fa-

220 3654 359 3724 naticos
396 3649 560 3722 homines
593 3652 701 3720 variis
733 3651 977 3719 occasionibus
1016 3652 1212 3719 cumulatae

221 3769 319 3827 sunt.
369 3751 419 3825 At
442 3751 501 3824 hic
518 3753 702 3831 discimus,
727 3749 904 3821 Ecclesiae
929 3752 1125 3820 doctrinam
1144 3749 1212 3820 Dei

220 3880 308 3926 voce
332 3856 456 3947 primis
478 3855 682 3947 parentibus
706 3854 871 3923 traditam
902 3876 990 3936 esse,
1025 3865 1061 3920 et
1084 3853 1212 3920 deinde

220 3971 390 4050 perpetua
413 3958 501 4026 serie
524 3968 771 4047 propagatam,
803 3977 868 4021 nec
892 3954 970 4032 sine¹
992 3953 1212 4023 testimoniis.

219 4054 350 4130 Enoch
378 4075 498 4150 raptus
527 4060 563 4125 in
588 4057 741 4140 coelum,
774 4049 876 4124 Nohc
896 4080 977 4124 vere
1007 4054 1213 4145 praedicans

221 4162 420 4246 diluvium,
460 4175 493 4229 et
514 4173 634 4252 postea
652 4174 808 4229 servatus
828 4157 867 4223 in
891 4156 1038 4224 diluvio.
1095 4152 1213 4224 Abra-

220 4257 326 4344 ham,
359 4261 474 4348 lsaac,
509 4261 633 4344 lacob,
667 4252 817 4351 loseph,
856 4282 935 4326 cum
968 4258 1079 4325 multa
1112 4257 1210 4344 signa

221 4364 316 4447 sint,
342 4389 400 4433 eos
423 4366 619 4432 sacerdotes
640 4386 679 4430 ac
702 4364 862 4430 doctores
885 4358 1057 4427 divinitus
1071 4371 1211 4426 vocatos

218 4465 347 4550 fuisse,
388 4478 490 4534 testes
522 4476 606 4533 sunt
635 4461 836 4545 certissimi,
876 4455 968 4528 hanc
1002 4459 1212 4542 doctrinam,

222 4589 331 4660 quam
358 4565 619 4657 amplectuntur
648 4588 688 4631 ac
715 4575 902 4654 spargunt,
940 4561 1097 4645 divinam
1127 4584 1210 4632 esse.

219 4663 361 4739 Obiicit
392 4659 639 4760 Symmachus
670 4660 900 4743 Christianis,
937 4675 1210 4731 consentaneum

219 4793 305 4854 esse,
321 4769 592 4839 vetustissimam
609 4767 805 4835 doctrinam
824 4763 997 4832 veriorem
1015 4786 1098 4844 esse,
1110 4759 1211 4852 Apo·

819 329 1264 409 EPISTOLARUM
1313 334 1420 411 LlB.
1448 336 1513 413 tx.
1566 334 1698 414 164³.
1732 320 1735 324 ⁵

2199 346 2276 419 262

1276 503 1454 578 Ecclesiae
1470 509 1574 580 initia
1590 522 1623 578 et
1638 509 1900 601 propagationis
1915 512 2113 584 testimonia
2128 537 2272 587 suman-

1276 623 1354 697 tur,
1379 612 1542 699 dogmata
1566 613 1805 685 conferantur.

1376 708 1477 781 Nihil
1493 725 1626 782 norunt
1641 708 1850 806 Philosophi
1867 716 1911 785 de
1927 741 2028 786 cansa
2043 720 2197 808 peccati,
2223 723 2267 791 de
2317 778 2320 783 .

1275 836 1376 882 causa
1390 814 1514 884 mortis
1528 829 1562 883 et
1576 815 1775 910 ingentium
1789 816 2026 889 calamitatum
2042 821 2179 908 generis
2196 817 2265 891 hn-

1274 916 1391 999 mani,
1417 911 1511 984 nihil
1527 919 1570 985 de
1587 916 1809 987 restitutione
1832 943 1871 986 ac
1890 921 1963 989 vita
1982 933 2134 997 aeterna.
2188 920 2265 992 Το-

1275 1017 1340 1084 ties
1359 1020 1554 1110 quaerunt,
1569 1020 1664 1087 unde
1681 1031 1818 1089 tantum
1833 1020 1878 1089 sit
1896 1022 2118 1092 miseriarum
2133 1025 2172 1092 ia
2191 1037 2262 1094 tam

1256 1121 1463 1208 praestanti
1480 1121 1759 1209 naturageneris
1773 1116 1947 1191 humani?
1998 1123 2122 1194 Toties
2145 1127 2261 1202 excla-

1271 1235 1370 1289 mant
1386 1222 1608 1312 deplorantes
1623 1236 1693 1292 tam
1709 1245 1803 1290 acres
1821 1237 1854 1292 et
1869 1227 2030 1296 ardentes
2045 1226 2198 1317 impetus
2215 1230 2260 1297 ad

1272 1323 1368 1389 vitia.
1409 1321 1541 1393 Vident
1560 1323 1744 1411 languidas
1759 1346 1832 1392 esse
1848 1325 1995 1396 virtutes
2010 1340 2046 1397 et
2059 1329 2161 1398 facile
2178 1353 2261 1398 eva-

1271 1437 1470 1504 nescentes,
1501 1440 1540 1495 ut
1564 1425 1602 1493 in
1624 1422 1816 1510 Pausania,
1849 1426 1911 1518 qui
1938 1428 2008 1496 suit
2033 1430 2104 1498 dux
2136 1433 2285 1500 contra

1271 1521 1513 1611 Mardonium,
1539 1541 1573 1595 et
1589 1523 1806 1609 Alexandro,
1832 1527 1904 1596 imo
1923 1526 2207 1612 inThemistocle
2222 1544 2257 1601 et

1269 1625 1348 1692 aliis
1366 1627 1498 1698 multis.
1550 1623 1757 1697 Aristoteles
1771 1631 1928 1719 quaerit,
1954 1642 1994 1699 ut
2008 1630 2159 1701 aliorum
2178 1633 2256 1702 ani-

1268 1728 1442 1799 mantium
1465 1726 1511 1796 ita
1536 1724 1710 1797 humanae
1732 1729 1856 1797 mortis
1870 1754 2009 1799 causam
2033 1732 2073 1800 in
2097 1734 2256 1821 materia,

1268 1851 1379 1919 eoque
1404 1828 1637 1918 privationem
1660 1829 1752 1899 inter
1774 1830 1950 1923 principia
1970 1856 2087 1902 rerum
2111 1849 2255 1906 natura-

1266 1929 1355 1997 lium
1372 1945 1542 2015 recenset,
1564 1944 1605 2000 ut
1627 1931 1785 2000 assiduos
1808 1932 1926 2023 lapsus
1937 1934 2102 2005 materiae
2115 1938 2257 2008 ruentis

1267 2031 1311 2099 ad
1328 2032 1414 2100 alias
1430 2034 1558 2119 formas
1576 2057 1720 2124 quoquo
1735 2034 1841 2102 modo
1864 2034 2008 2108 indicet.
2054 2032 2104 2107 At
2127 2033 2186 2109 hic
2209 2040 2255 2109 li-

1266 2134 1330 2202 ber
1344 2133 1449 2221 longe
1464 2133 1568 2200 aliam
1586 2157 1724 2202 causam
1743 2146 1778 2202 et
1798 2135 1922 2203 mortis
1946 2130 2122 2208 humanae
2143 2154 2177 2210 et
2198 2141 2251 2208 vi-

1267 2235 1398 2303 tiorum
1420 2234 1592 2318 ostendit,
1627 2234 1847 2303 aversionem
1871 2237 2034 2307 videlicet
2061 2237 2179 2310 aDeo
2212 2243 2251 2310 in

1267 2349 1392 2405 natura
1414 2329 1586 2418 humana,
1611 2359 1718 2426 quac,
1752 2359 1892 2405 excussa
1917 2336 1995 2407 luce
2014 2351 2048 2407 et
2071 2341 2251 2430 agnitione
2295 2346 2300 2360 “

1265 2434 1334 2508 Dei
1357 2448 1390 2505 et
1412 2436 1501 2520 vita,
1532 2436 1715 2506 accersivit
1744 2437 1812 2505 sibi
1843 2438 2086 2516 confusionem
2111 2443 2253 2529 virium,

1266 2537 1400 2607 diaboli
1421 2537 1645 2630 tyrannidem
1668 2551 1701 2606 et
1716 2551 1877 2607 mortem.
1914 2536 2053 2609 Horum
2075 2544 2250 2614 malorum

1264 2638 1470 2728 magnitudo
1493 2652 1526 2707 et
1541 2638 1704 2709 atrocitas
1720 2653 1901 2730 conspecta
1917 2654 1968 2710 est
1982 2643 2104 2732 primis
2123 2668 2252 2736 paren-

1264 2741 1358 2811 tibus
1378 2741 1417 2808 in
1436 2739 1626 2829 parricidio
1643 2738 1750 2823 Cain,
1777 2755 1811 2810 et
1831 2741 1910 2808 aliis
1932 2736 2120 2813 horrendis
2143 2748 2252 2816 scele-

1263 2843 1380 2924 ribus,
1412 2865 1501 2933 quae
1524 2841 1690 2910 viderunt
1711 2841 1750 2908 in
1772 2841 1836 2910 illo
1859 2843 1975 2933 primo
1991 2845 2079 2915 flore
2101 2841 2250 2918 humani

1263 2944 1417 3032 generis,
1447 2943 1509 3035 qui
1532 2957 1678 3013 naturae
1704 2943 1856 3032 puritate
1878 2957 1912 3014 et
1924 2947 2135 3035 praestantia
2149 2963 2251 3021 ante-
2305 2950 2308 2957 “

1264 3046 1394 3116 celluit.

1363 3142 1502 3214 Deinde
1518 3146 1556 3213 in
1572 3148 1824 3238 propagatione
1848 3162 1883 3219 ct
1906 3149 2162 3220 instauratione
2180 3147 2252 3222 Ec-

1263 3248 1386 3317 clesiae
1402 3248 1613 3339 proponitur
1638 3249 1786 3319 illustris
1799 3251 1935 3339 imago,
1958 3252 2081 3345 inqua
2098 3268 2252 3344 apparet,

1263 3345 1455 3418 Ecclesiam
1478 3373 1551 3417 non
1577 3373 1649 3417 esse
1665 3336 1810 3439 regnum
1836 3353 2078 3442 autpolitiam
2100 3357 2252 3424 munda·
2315 3407 2317 3411 -

1262 3474 1356 3534 nam,
1372 3462 1502 3539 septam
1518 3451 1661 3519 armatis
1678 3453 1879 3540 praesidiis,
1900 3455 1961 3522 scd
1979 3469 2098 3524 coetus
2113 3455 2249 3547 disper·
2328 3495 2336 3512 κ

1264 3574 1338 3630 sos,
1366 3575 1439 3619 non
1456 3565 1573 3618 tamen
1589 3553 1774 3637 obscuros,
1797 3556 1857 3622 sed
1881 3554 2165 3625 circumferentes
2187 3581 2250 3624 vo-

1263 3677 1337 3721 cem
1357 3652 1534 3736 divinam,
1560 3664 1595 3719 et
1617 3653 1655 3719 in
1679 3655 1922 3741 congressibus
1948 3655 2101 3742 publicis
2123 3650 2251 3725 acho-

1262 3754 1389 3834 nestis,
1421 3765 1459 3820 ut
1484 3752 1521 3818 in
1548 3747 1696 3836 scholis,
1730 3754 1967 3843 impertientes
1991 3778 2065 3823 eam
2081 3753 2250 3844 Regibus,
2352 3820 2356 3825 .

1262 3853 1506 3944 Principibus,
1529 3851 1761 3942 Civitatibus,
1788 3868 1823 3923 et
1836 3854 1966 3924 multos
1983 3857 2111 3945 passim
2129 3860 2173 3926 ad
2190 3882 2251 3926 ve-

1261 3979 1336 4024 ram
1353 3955 1612 4023 invocationem
1628 3952 1696 4024 Dei
1713 3950 1972 4045 pertrahentes,
1999 3956 2135 4026 etiamsi
2157 3959 2250 4029 inte-

1262 4058 1329 4125 rim
1347 4057 1567 4140 riderentur,
1589 4057 1876 4146 exploderentur,
1901 4058 2118 4146 pellerentur
2137 4083 2155 4128 a
2174 4058 2250 4152 Ty-

1262 4159 1384 4227 rannis
1407 4171 1441 4226 et
1464 4181 1482 4223 a
1504 4157 1653 4224 maxima
1678 4172 1774 4246 parte
1795 4153 1992 4227 hominum.
2058 4154 2249 4229 Melchise-

1262 4255 1372 4341 dech,
1397 4254 1500 4349 quem
1516 4270 1650 4325 veteres
1666 4258 1882 4347 scripserunt
1905 4283 1978 4329 esse
1998 4257 2100 4345 Sem,
2134 4260 2248 4330 lilium

1261 4354 1401 4442 Nohae,
1443 4357 1630 4447 sapientia,
1680 4358 1830 4445 iustitia,
1882 4373 1994 4429 aetate
2037 4362 2249 4431 antecellens

1261 4461 1426 4530 omnibus
1440 4454 1646 4528 hominibus
1661 4460 1736 4529 eius
1752 4461 1931 4551 temporis,
1954 4461 2018 4529 diu
2028 4456 2123 4531 haud
2139 4463 2247 4532 dubie

1261 4562 1425 4633 Sodomis
1441 4573 1474 4629 et
1487 4560 1613 4629 'vicinis
1626 4562 1713 4630 locis
1731 4553 1959 4631 concionatus
1976 4575 2037 4632 est.
2078 4560 2169 4632 Nam
2184 4565 2248 4633 do-

1260 4663 1434 4733 micilium
1456 4661 1566 4753 ipsius
1585 4685 1606 4731 a
1628 4659 1792 4733 Sodomis
1814 4687 1888 4732 non
1910 4663 1990 4754 plus
2018 4677 2096 4734 octo
2118 4665 2248 4734 nostris

1260 4765 1461 4835 miliaribus
1475 4764 1599 4834 abfuit.
1650 4761 1799 4835 Coetum
1813 4766 1923 4854 igitur
1943 4760 2067 4835 habuit
2091 4789 2164 4834 non
2187 4768 2249 4835 de-

221 4871 383 4943 stolicam
415 4895 500 4940 vero
533 4891 654 4938 recens
696 4877 933 4962 commentum
973 4886 1045 4932 esse
1083 4864 1210 4956 inquit.
1261 4867 1499 4957 spiciendum‚
1522 4865 1672 4935 familias
1681 4860 1865 4953 Abrahae,
1890 4860 1986 4936 Loth
2002 4878 2037 4934 et
2051 4865 2140 4936 alios
2154 4868 2248 4936 mul-

220 4970 345 5064 Longe
381 4984 473 5041 errat
496 4964 745 5063 Symmachus,
779 4990 819 5034 ac
839 4966 1022 5034 manifeste
1047 4966 1212 5034 convinci
1262 4983 1326 5038 tos.
1376 4965 1452 5036 Etsi
1469 4967 1562 5035 enim
1580 4967 1702 5056 exigua
1715 4981 1765 5037 est
1779 4965 1953 5053 Ecclesia,
1976 4983 2094 5038 tamen
2110 4971 2249 5060 semper

221 5088 356 5166 potest,
380 5074 531 5163 primam
551 5094 623 5139 esse
639 5064 985 5138 omniumEcclesiae
1002 5068 1212 5141 doctrinam.
1263 5071 1381 5161 aliqua
1403 5083 1472 5148 est,
1510 5082 1543 5136 ct
1571 5092 1644 5136 non
1677 5069 1823 5137 obscura
1857 5070 2065 5160 frequentia.
2114 5066 2163 5139 Et
2184 5066 2249 5141 hae

221 5174 266 5246 ld
288 5172 347 5245 hic
369 5174 585 5252 ostenditur,
605 5196 685 5240 cum
709 5186 743 5241 et
767 5169 927 5238 doctrina
945 5192 964 5236 a
983 5167 1059 5236 Deo
1082 5169 1211 5238 tradita
1263 5165 1403 5240 scholae
1417 5169 1590 5238 divinitus
1605 5170 1821 5258 tegebantur.
1871 5167 1963 5239 Nam
1980 5171 2117 5239 vicinae
2134 5173 2250 5255 urbes,

220 5278 391 5347 recitatur
417 5288 451 5344 et
475 5288 639 5343 narratur
661 5272 818 5360 gentium
831 5267 1055 5360 propagatio,
1081 5294 1170 5364 qnae
1193 5294 1212 5338 a
1264 5294 1413 5365 quarum
1429 5270 1614 5362 praecipua
1631 5286 1705 5342 erat
1719 5271 1894 5362 potentia,
1920 5271 2074 5343 Sodoma
2090 5286 2123 5340 et
2138 5286 2256 5342 caete·

221 5379 341 5470 prima
358 5377 540 5449 doctrinae
555 5375 710 5466 puritate
725 5373 970 5455 discesserunt,
996 5385 1030 5440 et
1045 5395 1154 5440 novas
1170 5375 1214 5441 de
1263 5399 1342 5459 rae,
1367 5372 1517 5441 immani
1538 5372 1657 5440 furore
1676 5375 1955 5463 aspernabantur
1978 5374 2160 5443 coelestem
2185 5374 2251 5442 do-

221 5480 299 5580 Deo
322 5480 511 5573 opiniones
534 5476 576 5547 'etl
591 5476 687 5546 idola
711 5473 960 5561 excogitarunt.
1010 5462 1105 5562 Ergo
1131 5464 1214 5543 hinc
1265 5477 1434 5560 ctrinam,
1464 5474 1770 5643 pppbstrepentes
1798 5475 2064 5545 concionatores
2095 5477 2261 5567 oderant.
2299 5569 2306 5580 ι
