4868 6420
575 270 1013 378 urrsroaanuu

0 470 1 520 2
30 477 42 532 t
64 486 209 533 moveor
233 465 326 534 veris
346 460 530 562 causis.''')
582 465 682 539 Bene
703 472 792 545 vale.
842 469 910 543 Die
930 473 988 549 16.

0 610 1 624 .
40 565 120 635 artii
139 560 249 635 1543.

2 292 45 361 ·s

507 667 696 764 Philippus
714 669 940 749 Melanthon.

618 964 623 980 .
672 1038 674 1044 ·
777 1014 974 1098 (tellure)

777 1105 985 1142 vm

28 1027 60 1069 0.
74 1001 186 1070 2660.

407 1149 576 1241 Eidem.

63 1332 131 1387 Mel.
145 1330 249 1388 Consil.
264 1329 309 1385 lat.
327 1331 391 1386 edit.
406 1330 560 1404 alteratio,
576 1332 609 1387 P.
623 1334 643 1388 l.
660 1354 688 1406 p.
703 1334 753 1390 524
765 1356 825 1410 sqq.
844 1366 878 1381 -
905 1343 988 1413 Apo.

96 1401 217 1472 grapbon
230 1402 258 1457 in
270 1400 333 1456 cod.
348 1398 432 1457 Goth.
447 1402 508 1457 tot.
523 1421 554 1474 p.
569 1404 611 1458 65.
634 1439 637 1446 -

0 1564 54 1629 'te
76 1555 272 1657 Baptisme
294 1551 485 1629 Iohannis
502 1553 719 1657 Baptistae,
744 1570 775 1632 et
791 1558 987 1663 Apostolo-

13 1687 84 1737 em.
135 1656 201 1732 Ad
215 1657 372 1732 Vitem
395 1655 716 1746 Theodoram,
742 1660 986 1745 Αο001646.

268 1755 446 1867 Philip.
471 1756 705 1837 Meleath.

32 1900 150 1970 tiamsi
180 1899 319 1977 diverso
348 1900 456 1968 modo
486 1897 683 1986 significant
710 1899 904 1989 baptismus
927 1898 985 1970 lo-

6 2001 137 2086 mnnis,
163 2014 197 2071 et
210 2001 406 2091 baptismus
422 1996 696 2090 Apostolorum:
719 1998 862 2102 Tamen
880 2016 913 2071 et
930 2026 985 2071 res

0 2107 129 2173 asdem
143 2102 363 2192 significant,
390 2116 424 2171 et
439 2115 523 2171 sunt
539 2100 693 2170 efficaces
707 2103 812 2172 ambo
828 2104 873 2170 ad
890 2103 985 2173 salu-

1 2229 60 2274 :em
76 2217 167 2273 recte
192 2201 360 2273 credenti.
411 2200 535 2272 ludico
561 2203 665 2271 etiam
690 2203 797 2273 fuisse
818 2203 983 2274 eximium

0 2328 79 2397 pus
95 2303 181 2389 Dei,
206 2299 470 2383 inchoationem
495 2304 680 2393 baptismi,
713 2329 820 2397 quam
836 2301 864 2399 ¹)
886 2302 984 2376 Deus

0 2457 2 2469 ,
35 2404 195 2476 lohanne
223 2406 300 2474 fieri
330 2405 464 2489 voluit,
497 2405 559 2499 qui
582 2405 709 2474 missus
730 2418 799 2490 est,
830 2421 870 2477 ut
895 2422 984 2478 esset

17 2510 96 2577 ttius
121 2531 234 2576 novae
248 2504 425 2576 Ecclesiae
448 2507 548 2598 quasi
564 2519 802 2597 praeparator.
851 2505 983 2618 Necde

0 2612 64 2679 ius
96 2607 296 2678 ceremonia
313 2605 342 2700 ²)
377 2607 602 2676 sentiendum
634 2622 701 2691 est,
741 2622 909 2700 tanquam
938 2613 982 2679 de

2 2712 178 2780 reditione
194 2704 370 2795 humana,
395 2720 458 2778 aut
471 2708 544 2778 ritu
560 2707 692 2792 otioso,
713 2722 852 2778 tantum
872 2711 982 2800 signi-

0 2828 112 2883 'cante
149 2834 279 2879 novam
317 2809 573 2900 professionem
606 2835 724 2880 coram
765 2805 982 2900 hominibus,
1012 2827 1015 2830 ’

1 2915 77 2984 icut
93 2913 198 2982 initio
215 2910 355 3003 scripsit
374 2899 562 3004 Cragtius.

87 3042 227 3116 Reiicio
245 3045 350 3115 etiam
365 3043 657 3135 imaginationem
671 3068 813 3131 eorum,
839 3046 902 3139 qui
925 3047 981 3116 di-

7 3160 90 3232 unt,
130 3142 302 3216 lohannis
338 3147 554 3244 baptismum
591 3146 802 3234 significasse
837 3148 980 3241 quidem

0 3248 260 3333 oenitentiam,
292 3250 352 3317 sed
381 3272 454 3316 non
480 3247 725 3317 remissionem
748 3262 981 3339 peccatorum,

14 3376 51 3420 ec
65 3351 240 3443 profuisse
253 3350 298 3419 ad
313 3351 460 3421 salutern
475 3345 516 3444 ³).
566 3344 621 3418 Ac
637 3349 825 3437 diligenter
846 3353 890 3419 de
915 3346 980 3421 bac

7 3478 24 3521 e
42 3452 203 3542 cogitavi.
243 3449 341 3539 Quid
359 3463 408 3520 est
422 3449 638 3541 praedicatio
656 3450 893 3541 poenitentiae
906 3453 982 3523 sine

13 3586 17 3593 ·
64 3551 217 3622 issione'?
268 3549 370 3621 Talis
396 3550 615 3642 poenitentia
641 3565 730 3620 esset
762 3553 981 3643 poenitentia

1 3654 63 3723 ‚ine
85 3652 309 3723 invocatione
333 3651 419 3736 Dei,
453 3667 487 3723 et
507 3674 563 3721 res
582 3646 746 3725 Ethnica.
799 3649 875 3724 lmo
899 3656 981 3724 talis

0 3754 200 3825 ·raedicatio
222 3767 361 3824 tantum
384 3767 473 3823 esset
495 3753 640 3837 mortis,
674 3753 746 3822 irae
767 3766 802 3825 et
815 3752 981 3847 blasphe-

0 3859 138 3926 niarum
154 3855 402 3926 ministerium.
455 3852 544 3923 ltem
561 3848 738 3923 lohannes
752 3870 871 3946 aperte
895 3859 992 3929 dicit*

0 3973 30 4025 te
62 3957 268 4026 remissione
295 3968 535 4047 peccatorum:
580 3951 654 4023 Hie
677 3963 728 4024 est
749 3979 872 4050 egnes
892 3955 981 4045 Dei,

0 4057 53 4127 ai
65 4052 164 4126 tellit
177 4065 325 4156 peccate
340 4048 480 4129 mendi.
514 4051 569 4124 Et
584 4054 652 4152 qai
665 4053 775 4126 credit
795 4053 981 4153 infiliem,

0 4158 96 4229 abet
123 4158 236 4228 eitum
260 4166 459 4230 aeternam.
519 4156 619 4247 Quin
644 4171 678 4228 et
705 4172 821 4230 textus
844 4161 981 4253 ipsein

0 4290 2 4301 ι
21 4262 84 4332 ctis
99 4287 128 4335 c.
145 4261 203 4334 19.
216 4260 316 4330 dicit:
342 4254 394 4330 Ut
419 4251 596 4328 crederent
622 4255 662 4327 in
681 4248 873 4330 Christum
897 4286 980 4333 eea-

2 4388 118 4436 erem.
170 4358 218 4432 Et
233 4385 436 4456 quanquam
452 4361 648 4452 baptismus
663 4362 900 4452 poenitentiae
916 4391 980 4436 vo-

1 4480 101 4536 atur:
127 4463 265 4535 Tamen
283 4486 358 4532 non
374 4462 576 4532 divellenda
595 4476 629 4532 et
644 4463 816 4539 remissio.

88 4572 202 4686 Quod¹
216 4620 301 4666 vero
318 4591 496 4665 lohannes
513 4595 681 4666 discernit
692 4621 728 4666 se
743 4598 980 4689 baptizantem

8 4694 249 4782 tChristum,
288 4720 457 4788 personae
479 4697 739 4772 discernuntur.
799 4697 901 4771 Unus
929 4714 982 4771 est

0 4814 138 4871 onator
151 4800 244 4870 vitae
270 4814 447 4883 aeternae,
479 4797 573 4867 filius
594 4799 775 4890 baptizans
799 4802 926 4894 spiritu
945 4816 980 4873 et

20 5057 51 5186 *i
69 5114 142 5168 llaec
162 5133 176 5167 a
190 5113 325 5178 &uberto
338 5115 534 5188 'praetermissa
543 5115 629 5198 ‘idedit
642 5114 812 5183 Strobeltjn
826 5116 944 5176 Miscell.
958 5120 979 5174 1.

54 5205 81 5255 p.
97 5184 155 5238 169.
169 5201 263 5245 recum
276 5185 306 5236 in
319 5183 345 5238 6.
360 5183 444 5241 Beitr.
459 5201 507 5240 aus
520 5185 582 5241 Lati.
596 5185 617 5240 l.
632 5205 658 5257 p.
673 5185 714 5240 89.

21 5273 47 5338 l)
69 5269 139 5327 Cod.
155 5286 247 5340 quem.

18 5359 48 5421 2)
67 5354 137 5410 cod.
152 5355 325 5407 aeramentis.

18 5441 46 5512 3)
67 5441 240 5494 adsalutem
254 5437 349 5493 desunt
363 5438 391 5492 in
405 5442 469 5495 cod.

1070 305 1180 387 ιιι.
1215 265 1280 385 ιι.
1333 313 1464 394 asts.
1983 334 2033 407 ee

1044 476 1145 567 igne,
1175 479 1213 548 id
1243 496 1313 567 est,
1344 485 1505 559 iudlcans
1536 505 1569 564 et
1599 495 1747 572 salvans.
1805 498 1874 573 Sed
1907 504 2035 574 caeteri

1043 602 1182 663 omnes,
1211 579 1387 657 lohannes
1403 601 1437 658 et
1454 587 1618 682 Apostoli
1642 613 1724 669 stent
1747 601 1900 672 ministri
1923 608 2035 691 verbi,

1041 703 1105 772 per
1121 705 1208 774 quos
1224 682 1401 757 Dominus
1417 707 1468 762 est
1482 695 1612 771 efficax.

1140 810 1264 908 Neque
1279 841 1364 888 vero
1386 815 1455 892 hec
1477 824 1547 896 dici
1568 828 1691 913 debet,
1724 836 1820 925 quod
1841 836 1953 930 aliqui
1978 839 2036 909 di-

1041 925 1143 983 cunt:
1178 911 1351 989 Iohannis
1371 921 1587 1013 baptismum
1610 954 1684 1000 non
1708 933 1816 1005 fuisse
1845 936 2035 1029 integrum,

1042 1014 1124 1106 quia
1150 1040 1224 1086 non
1246 1019 1406 1094 docuerit
1425 1026 1469 1095 de
1492 1025 1630 1120 Spiritu
1649 1048 1782 1104 sancto.
1840 1036 1917 1108 lmo
1941 1041 2035 1111 clare

1041 1115 1144 1199 dicit,
1169 1113 1351 1191 Christum
1374 1141 1454 1194 esse'
1463 1127 1724 1219 baptizaturum
1739 1134 1877 1226 Spiritu
1899 1154 2033 1212 sancto.

923 1228 927 1234 “
1041 1213 1273 1307 Tradiditet
1302 1223 1499 1296 doctrinam
1527 1244 1637 1301 totam
1660 1237 1704 1303 de
1725 1251 1844 1326 patre,
1876 1240 1969 1326 lilio,
1999 1257 2034 1312 et

1040 1315 1177 1408 Spiritu
1195 1335 1333 1408 sancto,
1357 1326 1457 1396 cuius
1473 1327 1645 1403 illustrem
1661 1337 1929 1426 patefactionem
1944 1343 2034 1413 vidit

1040 1442 1120 1487 cum
1135 1417 1165 1512 ⁴)
1180 1417 1342 1494 Christus
1358 1423 1606 1517 baptizaretur.
1836 1433 1838 1437 ’

1140 1550 1278 1648 Siquis
1301 1561 1502 1648 contendit,
1527 1564 1740 1655 baptismum
1758 1566 1930 1643 Iohannis
1952 1589 2033 1646 tan-

1039 1664 1115 1722 tum
1129 1653 1236 1724 fuisse
1249 1662 1482 1730 ceremoniam
1499 1665 1751 1754 significantem
1768 1674 2033 1766 poenitentiam,

1039 1765 1072 1822 et
1098 1777 1172 1822 non
1203 1758 1468 1847 remissionem,
1505 1789 1570 1835 nec
1594 1770 1787 1858 profuisse,
1818 1787 1854 1844 et
1879 1779 2032 1850 somniat

1038 1866 1196 1940 tantum,
1229 1854 1401 1931 Iohannis
1421 1866 1619 1937 doctrinam
1645 1871 1752 1941 fuisse
1773 1877 1952 1967 quandam
1974 1879 2031 1949 di-

1038 1956 1223 2047 sciplinam
1238 1954 1444 2049 humanam,
1470 1981 1562 2037 certe
1577 1994 1650 2038 non
1667 1985 1761 2043 recte
1775 1977 1879 2047 sentit
1893 1980 1937 2048 de
1952 1993 2031 2051 tan·

1038 2070 1073 2125 te
1090 2057 1305 2144 ministerio,
1331 2077 1365 2134 et
1381 2078 1476 2137 tanta
1501 2071 1695 2146 vocatione.
1747 2073 1946 2149 Meministi
1972 2082 2029 2150 in-

1037 2158 1147 2247 eptias
1170 2155 1327 2247 Erasini,
1368 2167 1429 2257 qui
1457 2169 1577 2240 scribit
1601 2168 1796 2244 Iohannem
1820 2181 2029 2254 concessisse

1037 2258 1191 2346 bellum,
1230 2263 1316 2355 quia'
1345 2266 1556 2358 imperfectis
1582 2276 1807 2363 praedicarit:
1846 2276 2030 2355 Christum

1036 2374 1156 2451 postea
1170 2364 1415 2451 perfectiorem
1431 2368 1544 2460 legem
1560 2374 1716 2461 dedisse,
1743 2380 1788 2446 de
1803 2404 1877 2449 non
1891 2383 2029 2455 bellan·

1036 2463 1097 2530 60.
1149 2460 1209 2532 Sic
1225 2466 1268 2534 de
1286 2463 1458 2538 lobannis
1472 2474 1656 2545 vocatione
1672 2491 1706 2549 et
1726 2480 1923 2554 ministerio
1947 2508 2029 2556 sen-

1035 2562 1101 2631 tire
1116 2561 1388 2638 insulsissimum
1404 2583 1466 2646 est.
2000 2574 2006 2581 ¹

1135 2693 1368 2770 Retineamus
1385 2725 1467 2793 ergo
1482 2699 1573 2776 hanc
1587 2712 1813 2782 sententiam:
1840 2711 2029 2790 Iohannes
2059 2776 2062 2781 .

1035 2790 1218 2889 baptismo
1239 2797 1491 2894 significatam
1515 2830 1589 2878 esse
1610 2810 1891 2907 poeaitentiam,
1919 2829 1951 2888 et
1974 2844 2029 2891 re·
2087 2860 2091 2866 ·

1035 2894 1264 2986 missionem,
1289 2899 1354 2984 Jset
1380 2902 1557 2978 eredentes
1583 2911 1660 2980 eeri
1681 2925 1886 2989 censecutos
1910 2922 2027 2998 esse”,·

1035 3020 1080 3067 ee
1092 2997 1129 3066 si
1140 2998 1223 3095 peis
1239 3001 1293 3072 sie
1311 2999 1460 3076 decessit
1484 3018 1569 3078 ente
1586 3010 1897 3108 praedicationem
1913 3010 2029 3093 Citri-

1034 3097 1102 3179 sti,
1135 3122 1214 3170 eam
1244 3097 1354 3174 head
1373 3103 1480 3179 dubie
1500 3105 1690 3185 haeredem
1704 3115 1830 3215 faisse
1852 3121 1946 3193 vitae
1966 3147 2029 3194 ee-

1035 3209 1169 3271 ternae.

1136 3322 1216 3403 Cirr
1231 3333 1346 3430 igitur
1359 3337 1505 3414 Paulas
1524 3344 1692 3445 baptizat
1707 3354 1847 3452 eosqui
1859 3353 2029 3439 †entea''

1035 3458 1059 3503 e
1074 3428 1247 3505 Iohanne
1261 3435 1639 3544 baptizetiseerunt?
1688 3451 1913 3548 Respondeo.
1946 3460 2029 3532 Non

1035 3534 1122 3606 dicit
1137 3532 1206 3607 hoc
1221 3552 1345 3617 textus.
1398 3545 1468 3617 Sed
1485 3549 1611 3643 siquis
1634 3555 1782 3626 omnino
1808 3554 1876 3629 hoc
1895 3562 2027 3633 facturn

1033 3638 1141 3706 fuisse
1164 3645 1371 3730 contendat,
1396 3648 1427 3717 is
1451 3643 1519 3720 hoc
1542 3652 1647 3722 etiam
1668 3657 1813 3747 cogitet,
1836 3663 1967 3733 factum
1990 3665 2026 3734 id

1034 3739 1141 3808 fuisse
1161 3757 1307 3834 propter
1330 3749 1460 3819 multos
1484 3766 1597 3823 novos
1621 3755 1786 3828 articulos
1809 3760 1903 3836 fidei.
1954 3762 2028 3837 Res

1035 3842 1171 3910 easdem
1187 3842 1385 3934 significant
1402 3846 1440 3918 hi
1454 3853 1630 3942 baptismi,
1653 3859 1713 3927 sed
1730 3860 1894 3932 dissimili
1907 3869 2027 3941 modo.

1034 3940 1083 4011 Ut
1106 3942 1215 4030 igitur
1238 3948 1281 4014 de
1304 3952 1412 4019 modo
1437 3956 1682 4026 emendaretur
1714 3983 1832 4046 error,
1870 3965 1957 4035 tales
1981 3971 2027 4039 ab

1034 4038 1214 4132 Apostolis
1229 4047 1432 4138 baptizandi
1444 4055 1600 4128 fuerunt.
1640 4056 1841 4151 Baptismus
1857 4061 2028 4139 Iohannis

1032 4143 1101 4212 fuit
1116 4146 1357 4219 testimonium
1374 4158 1516 4223 venturi
1529 4152 1689 4233 Domini.
1741 4161 1810 4233 Sed
1832 4167 2028 4258 baptismus

1033 4241 1286 4335 Apostolorum
1327 4266 1379 4321 est
1417 4255 1657 4327 testimonium
1683 4257 1819 4334 Christi
1858 4264 2029 4357 exhibiti,

1033 4345 1206 4430 crucifixi,
1230 4353 1445 4438 resuscitati,
1471 4360 1669 4450 regnantis,
1697 4360 1896 4438 inchoantis
1915 4372 2028 4443 vitam

1033 4460 1211 4518 aeternam
1230 4451 1361 4522 donato
1379 4453 1516 4548 Spiritu
1535 4475 1667 4537 sancto.

1133 4576 1231 4651 Haec
1246 4585 1366 4655 omnia
1386 4587 1445 4658 isti
1460 4591 1579 4661 minus
1592 4593 1808 4692 explicare⁸)
1829 4598 1945 4675 adhuc
1959 4632 2026 4676 no·

1032 4691 1114 4749 rant
1123 4672 1170 4775 ο);
1206 4678 1337 4755 Adhuc
1358 4694 1587 4780 expectabant
1609 4697 1731 4783 multi,
1770 4698 1938 4775 Messiam
1961 4711 2028 4779 da-

1033 4794 1152 4851 turum
1168 4783 1315 4876 imperia
1330 4785 1479 4878 ludaeis,
1505 4795 1770 4869 dominaturum
1787 4801 1881 4875 inter
1893 4824 2027 4896 gentes,

1034 4882 1246 4973 partiturum
1267 4889 1478 4979 provincias.
1497 4893 1499 4898 ’
1529 4891 1595 4966 Est
1608 4911 1725 4968 autem
1741 4903 1930 4978 ministerii
1945 4935 2026 5001 pars

1032 4985 1241 5077 praecipua,
1281 4990 1460 5081 doctrina,
1499 4994 1538 5064 in
1569 5023 1638 5093 qua
1667 5026 1747 5072 cum
1777 5029 1832 5074 res
1852 5015 2026 5102 quaedam

1034 5180 1262 5201 Μ

1066 5282 1094 5360 4)
1115 5285 1184 5341 Cod.
1199 5304 1259 5343 esse
1272 5290 1447 5353 baptisatam
1459 5311 1523 5348 cem
1538 5299 1751 5373 spm'tusenete
1762 5305 1921 5376 patefacto,
1942 5328 2016 5366 cem.

1067 5370 1097 5436 5)
1116 5369 1184 5426 cod.
1199 5373 1344 5439 explicate.

1067 5451 1097 5522 6)
1117 5451 1185 5507 Cod.
1200 5465 1290 5508 erent.
