4868 6420
310 354 382 430 167
888 345 1322 429 EPISTULARUM
1370 351 1477 428 LIB.
1510 351 1576 433 lX.
1628 351 1756 436 tots.
2269 363 2343 438 tos

310 525 565 596 adolescentem
584 522 686 593 vobis
699 536 836 613 gratum
853 523 941 598 lore.
990 518 1068 613 Ego
1083 523 1244 615 quidem,
1272 521 1319 592 si·
1349 517 1466 614 phana
1489 526 1673 613 securitas,
1712 528 1833 603 nullae
1861 543 1946 602 sunt
1968 531 2132 602 flammae
2154 531 2286 605 amoris
2308 548 2344 607 et

312 652 384 722 quo
411 626 519 694 officii
544 647 671 714 genere
694 625 871 694 declarare
894 648 1013 692 meum
1037 648 1118 715 erga
1141 649 1203 695 vos
1227 637 1303 694 stu·
1350 627 1517 697 desiderii
1537 630 1582 699 ad
1605 626 1740 701 Deum:
1781 644 1916 702 caetera
1938 632 2012 723 ipse
2035 635 2235 721 mediteris,
2265 660 2342 707 nou

227 781 229 785 -
313 729 413 799 dium
426 741 569 819 potero,
594 727 739 812 faciam,
763 739 805 796 ut
820 726 1044 817 intelligatis,
1070 751 1128 797 me
1147 728 1223 797 fore
1242 750 1304 798 ve-
1349 728 1446 797 enim
1460 742 1560 800 vacat
1574 730 1710 820 integre
1726 726 1812 803 haec
1827 745 1988 809 tractare.
2039 732 2131 805 Cum
2155 736 2264 824 igitur
2283 736 2343 807 di-

314 829 377 902 stri
394 828 691 901 studiosissimum
706 840 742 898 et
756 851 841 902 esse.
1351 830 1463 900 cimus
1497 854 1572 900 esse
1603 833 1860 924 privationem,
1901 858 1963 904 seu
1994 836 2239 924 amissionem,
2279 862 2343 909 seu

411 941 414 947 '
513 958 548 1031 D
578 960 609 1032 V
637 960 878 1032 deditissimus
1351 931 1617 1022 spoliationem,
1648 934 1753 1025 plane
1777 948 1811 1005 et
1834 935 1977 1027 proprie
1997 937 2196 1030 loquimur,
2230 952 2265 1009 et
2283 941 2343 1009 in-

549 1014 559 1037 ’
610 1012 620 1035 ’
918 1058 1002 1133 Phil
1032 1056 1254 1136 Melanchffi⁸
1351 1033 1544 1121 telligimus
1556 1030 1728 1129 στέρησιν
1744 1060 1843 1106 more
1855 1034 2142 1109 Dialecticorum.
2185 1035 2342 1114 Nechoc

1004 1116 1014 1139 ⁶
1352 1133 1516 1224 impedit,
1555 1137 1652 1227 quod
1673 1137 1729 1208 illi
1749 1138 1868 1222 aiunt,
1907 1135 2077 1233 στέρησιν
2099 1163 2172 1209 esse
2195 1143 2343 1228 formae,
2421 1220 2430 1229 ,

1352 1259 1442 1328 quae
1465 1249 1579 1327 potest
1600 1239 1737 1324 adesse;
1779 1235 1829 1310 At
1851 1240 1985 1310 iustitia
2011 1241 2146 1330 integra
2177 1268 2273 1313 nuuc
2303 1245 2344 1313 in

437 1369 444 1385 ι
1353 1349 1477 1406 natura
1493 1361 1566 1407 esse
1582 1363 1656 1407 non
1673 1352 1797 1430 potest„
1839 1339 1936 1410 Haec
1952 1343 2128 1413 cavillatio
2146 1344 2260 1413 ociosa
2276 1358 2343 1414 est:

313 1428 382 1501 No.
395 1425 508 1505 2749.
1135 1445 1194 1505 st.
1211 1432 1294 1518 Aug·
1353 1453 1445 1507 certe
1463 1435 1659 1536 creatura³)
1680 1443 1730 1511 sic
1753 1457 1805 1514 est
1825 1442 1985 1527 condita,
2023 1459 2063 1514 ut
2085 1446 2124 1512 in
2147 1469 2187 1514 ea
2209 1447 2345 1518 luceret

321 1525 493 1559 mm
786 1612 790 1618 ¹
1129 1527 1301 1558 Μ
1353 1533 1438 1610 haec
1457 1539 1611 1626 iustitia,
1645 1555 1679 1612 et
1697 1536 1814 1614 adhuc
1832 1557 1884 1613 est
1908 1545 1982 1614 eius
2006 1569 2114 1637 capax
2133 1560 2167 1618 et
2188 1547 2221 1616 ei
2242 1548 2346 1618 resti-

625 1613 686 1697 M·
717 1610 995 1699 Sidemanno·
1282 1661 1285 1671 ·
1353 1654 1490 1723 tuetur,
1528 1645 1587 1712 sed
1617 1665 1693 1713 non
1722 1644 1800 1715 siue
1829 1645 1951 1715 divina
1976 1670 2055 1736 ope.
2114 1644 2277 1742 Denique
2298 1649 2346 1721 sit

384 1790 453 1846 Met.
472 1791 562 1845 select.
581 1788 657 1860 epist.
677 1790 778 1862 ptot.
814 1795 916 1847 lterum
936 1794 965 1847 in
985 1793 1069 1865 Epist.
1091 1792 1138 1848 tib.
1157 1792 1177 1849 l.
1199 1811 1227 1876 p.
1245 1793 1306 1849 457.
1352 1745 1479 1811 modus
1494 1738 1609 1838 ἀκριβ
1609 1747 1778 1841 ολογέῶν·
1830 1744 1896 1818 sin
1914 1771 1988 1816 non
2004 1749 2247 1838 placcidicere
2263 1747 2345 1845 pri*

421 1859 497 1924 (etis.
511 1858 598 1912 tona
612 1860 657 1913 tib.
669 1861 689 1913 t.
706 1878 747 1927 ep.
763 1863 844 1928 tan).
854 1891 890 1903 -
914 1861 1038 1932 Denique
1050 1881 1065 1915 a
1077 1861 1186 1916 Pezetto
1198 1881 1226 1915 m
1239 1862 1305 1919 Met.
1354 1842 1534 1912 ontionem
1550 1860 1611 1914 aut
1626 1843 1815 1940 στέρησιν,
1842 1848 1937 1918 dicas
1952 1847 2211 1936 amissionem,
2242 1847 2346 1931 †etsi

291 1961 293 1972 '
322 1952 326 1958 ’
420 1928 523 2052 iiiii
537 1926 1306 2073 lfftblttafttttai.citt‘tthttttttrltt:
1352 1944 1447 2015 “³²¹³
1471 1946 1643 2034 significat
1667 1948 1809 2018 ³¹⁰³⁸⁵³⁰
1833 1952 1930 2042 ‘1¹¹⁰‘1
1956 1947 2223 2045 ⁰titt⁰⁴⁶''‘)·-
2249 1949 2345 2022 ¹³³⁰·

345 2104 349 2111 .
419 2082 447 2135 p.
458 2064 519 2120 ιω,
1352 2046 1408 2115 lus
1426 2050 1574 2116 eandem
1588 2048 1824 2139 privationem
1838 2051 1922 2120 satis
1937 2052 2030 2122 clare
2052 2053 2236 2134 describit,
2262 2078 2344 2124 cum

316 2216 376 2296 M
463 2221 472 2238 ,
604 2220 612 2239 ,
1001 2223 1009 2242 ,
1203 2223 1210 2242 ,
1353 2147 1416 2262 ait:
1452 2139 1591 2265 Omnes
1612 2157 1735 2220 carent
1750 2146 1877 2244 gloria
1891 2147 1989 2238 Dei,
2020 2151 2057 2223 id
2078 2167 2151 2269 est,
2171 2151 2259 2272 ‘luce
2283 2148 2345 2223 di-

373 2230 532 2292 artcno
557 2216 837 2295 Srdemanno
867 2219 1006 2296 docente
1032 2223 1150 2296 bonas
1176 2221 1306 2296 lateras
1354 2270 1440 2317 ,ma
1466 2245 1699 2341 glonfimm
1721 2247 1857 2328 Deum·
1914 2249 1963 2323 p:t
1989 2249 2144 2323 „addas
2169 2280 2209 2324 m
2238 2268 2346 2326 temo

407 2323 447 2393 ln
467 2320 600 2420 01)Ρῖἅο
617 2321 853 2425 ΜαΜῘθΜῙ,
879 2327 998 2397 “mim
1015 2351 1083 2403 «ΨΟ
1108 2323 1148 2398 S·
1163 2323 1218 2398 D·
1354 2373 1428 2440 cap.
1451 2349 1514 2426 lib.
1535 2345 1716 2425 Geneseos
1739 2356 1958 2426 monstrabat
1988 2355 2231 2427 confusionem
2260 2380 2347 2448 par-

316 2438 373 2529 Et
387 2458 573 2528 consilium
591 2471 626 2527 et
638 2459 856 2530 voluntatem
871 2476 968 2530 tuam
983 2461 1113 2551 probo,
1140 2461 1236 2553 quod
1254 2475 1308 2532 te.
1354 2452 1442 2521 tium
1459 2465 1492 2522 et
1507 2454 1765 2527 deformitatem
1780 2455 1960 2526 inferioris
1972 2457 2164 2548 potentiae:
2190 2456 2345 2548 Magnae

229 2549 235 2558 ’
256 2612 264 2629 ,
317 2583 421 2629 ueras
436 2573 570 2630 mentes
583 2557 780 2630 Puerorum
798 2561 929 2632 imbuis
948 2563 1129 2631 elementis
1148 2562 1307 2634 coelestis
1353 2576 1409 2622 1³⁸
1426 2554 1602 2626 brevibus
1622 2556 1740 2630 verbis
1763 2557 1974 2647 significatae
1995 2573 2079 2629 sunt
2100 2558 2169 2650 piis
2194 2573 2228 2629 et
2248 2561 2306 2652 pie
2315 2556 2345 2654 ⁸)

317 2661 513 2735 doctrinae,
569 2658 660 2730 Nam
681 2656 739 2731 hic
761 2676 879 2733 coetus
900 2664 956 2747 pel
977 2663 1164 2755 praecipua
1184 2660 1308 2734 Eccle.
1352 2655 1607 2727 meditantibus
1639 2672 1674 2730 et
1705 2658 1907 2730 volentibus
1938 2681 2125 2769 agnoscere
2151 2656 2346 2730 humanam

318 2762 389 2832 siae
405 2760 473 2831 Dei
496 2785 576 2854 pars
598 2773 660 2831 est.
710 2760 830 2851 Quare
853 2766 892 2834 in
913 2789 955 2833 eo
976 2788 1103 2834 sonate
1123 2766 1307 2835 coetestem
1353 2755 1644 2833 imbecillitatem.
1709 2758 1814 2831 Illam
1850 2760 2110 2832 cavillationem
2145 2762 2195 2830 sic
2228 2762 2345 2833 dilue:

317 2864 518 2934 doctrinam
531 2886 669 2932 necesse
687 2876 754 2934 est:
780 2890 819 2936 ac
835 2863 950 2934 Deum
969 2881 1149 2938 aeternum
1166 2865 1308 2938 Patrem
1353 2849 1474 2928 Nihil
1491 2881 1565 2927 non
1586 2855 1814 2955 puniendum
1837 2868 1908 2947 est,
1947 2853 2136 2932 Peccatum
2160 2855 2262 2931 nihil
2283 2870 2347 2947 est,

317 2965 521 3035 liberatoris
534 2964 647 3034 nostri
662 2961 741 3035 lesu
752 2961 886 3037 Christi
902 2991 982 3053 oro,
1012 2981 1053 3037 ut
1067 2963 1153 3037 haec
1167 2959 1306 3058 agmina
1354 2954 1463 3052 Ergo
1478 2983 1552 3029 non
1565 2958 1792 3055 puniendum
1807 2971 1876 3032 est:
1910 2962 2022 3032 Aliud
2044 2977 2095 3034 est
2120 2959 2213 3032 nihil
2230 2987 2346 3057 nega·

319 3066 531 3136 discentium
548 3079 662 3136 servet
675 3079 711 3137 et
725 3069 915 3156 gubernet,
946 3083 981 3138 et
1001 3062 1152 3160 hospitia
1176 3071 1226 3139 eis
1248 3072 1308 3139 det
1355 3059 1441 3149 tice,
1467 3062 1564 3132 atiud
1580 3078 1631 3135 est
1645 3061 1739 3135 nihil
1751 3060 1942 3159 privative.
1991 3062 2081 3134 Nam
2104 3060 2197 3133 nihil
2216 3062 2346 3161 priva-

319 3168 531 3260 tranquilla,
564 3167 601 3236 id
626 3180 692 3251 est,
717 3169 857 3258 politias
874 3169 1078 3243 mediocres.
1129 3167 1183 3239 De
1200 3195 1307 3265 quae.
1354 3161 1425 3231 tice
1439 3175 1491 3232 est
1505 3163 1544 3232 in
1562 3166 1717 3237 subiecto
1735 3164 1910 3238 existente
1920 3166 2099 3256 corruptio
2117 3180 2151 3236 et
2167 3166 2345 3237 conlusio:

318 3269 433 3340 stione
455 3283 520 3339 tua
537 3268 692 3337 breviter
711 3269 778 3338 tibi
800 3273 1008 3360 respondeo.
1065 3268 1191 3355 Recte,
1223 3296 1308 3363 pro·
1354 3279 1394 3335 ut
1407 3263 1513 3334 ruina
1528 3266 1655 3336 domus
1668 3281 1721 3338 est
1734 3267 1896 3339 confusio
1910 3266 2172 3336 illiusordiuati
2184 3266 2346 3343 aedificii.

318 3371 397 3462 pric
422 3394 461 3438 ac
486 3371 575 3439 bene
586 3365 613 3462 ¹)
638 3369 786 3451 dicitur,
826 3365 1016 3440 Peccatum
1046 3370 1204 3464 originis
1234 3395 1307 3442 esse
1354 3363 1493 3435 Deinde
1515 3391 1639 3436 verum
1659 3383 1727 3455 est,
1764 3380 1846 3458 post
1866 3366 2103 3460 privationem
2125 3368 2214 3438 lucis
2234 3381 2269 3438 et
2287 3368 2347 3439 iu-

319 3464 569 3539 Pcivationem
592 3467 775 3557 iustitiae,
808 3495 921 3568 quam
942 3469 1050 3542 Deus
1075 3469 1214 3543 indidit
1238 3469 1308 3544 ho·
1354 3466 1468 3537 stitiae
1496 3468 1595 3561 sequi
1620 3471 1752 3542 multos
1774 3482 1932 3540 errantes
1954 3483 2070 3538 motus
2091 3482 2128 3539 et
2154 3471 2291 3540 furores
2300 3462 2347 3564 ⁸),

318 3568 416 3640 mini
431 3569 477 3639 in·
486 3569 675 3656 creatione,
698 3567 747 3643 Et
762 3572 927 3667 στέρησις
937 3570 995 3643 hic
1010 3575 1193 3663 significat,
1211 3578 1308 3668 quod
1353 3581 1394 3638 ut
1407 3591 1527 3637 aversa
1542 3569 1706 3642 voluntas
1725 3565 1853 3656 aDeo,
1881 3570 1981 3640 ardet
2004 3588 2122 3641 amore
2146 3571 2203 3642 sui
2223 3582 2257 3641 et
2279 3594 2348 3641 vo-

319 3672 446 3744 usitate
469 3669 672 3743 Dialecticis
692 3672 886 3763 significare
910 3676 1017 3759 solet,
1056 3690 1096 3746 ut
1115 3699 1195 3745 cum
1219 3677 1308 3746 dici·
1354 3670 1529 3759 luptatum
1551 3672 1724 3742 malarum
1749 3670 1826 3742 sine
1843 3668 1941 3756 Deo,
1977 3695 2076 3741 mens
2101 3695 2200 3743 caeca
2223 3671 2348 3762 ignara

320 3798 418 3858 mus,
448 3774 610 3844 tenebras
630 3795 703 3841 esse
718 3777 953 3865 privationem
970 3776 1075 3860 lucis,
1107 3793 1168 3848 aut
1184 3779 1309 3848 confu—
1354 3766 1423 3839 Dei
1442 3770 1536 3841 ludii
1556 3772 1787 3863 opinionibus
1807 3773 1853 3842 de
1871 3770 1966 3856 Deo,
1998 3773 2090 3843 aliut
2110 3773 2207 3843 alind
2234 3772 2348 3863 fingit,

321 3875 454 3944 sionem
476 3873 711 3965 privationem
733 3875 880 3945 ordinis.
937 3875 1054 3946 Multa
1076 3889 1192 3946 autern
1212 3903 1309 3948 com·
1356 3885 1396 3941 ut
1411 3874 1602 3944 ostendunt
1612 3868 1880 3967 εἰδωλομανίαι
1896 3873 2057 3942 omnium
2073 3874 2244 3964 gentium.
2293 3870 2348 3945 lta

320 3976 486 4066 plectitur
507 3974 697 4067 appellatio
714 3970 890 4061 Iustitiae,
922 3977 1097 4047 illustrem
1118 3991 1153 4048 et
1173 3979 1308 4048 firmam
1355 3986 1434 4063 post
1449 3973 1684 4062 privationem
1698 3987 1896 4072 sequuntur
1908 3975 2077 4076 positiva,
2106 3989 2146 4045 ut
2163 3975 2269 4064 vulgo
2290 3975 2349 4045 lo-

320 4075 389 4147 Dei
404 4075 589 4157 notitiam,
628 4099 784 4145 amorem
807 4075 876 4148 Dei
899 4092 934 4148 et
955 4079 1192 4149 obedientiam
1213 4081 1309 4151 iuxta
1357 4085 1534 4166 quuntur,
1566 4090 1601 4146 et
1623 4074 1741 4171 talis⁷)
1766 4076 1971 4148 deformitas
1991 4077 2049 4145 vel
2069 4070 2201 4158 ἀταξία
2221 4075 2261 4144 ἰιι
2281 4074 2346 4146 ἱΙΙο

320 4191 431 4249 totam
463 4178 586 4268 legem.
662 4174 802 4248 Harum
834 4175 1154 4271 pulcherrimarum
1191 4165 1312 4251 reruni
1357 4175 1433 4265 ipso
1452 4174 1621 4266 positivo,
1641 4179 1758 4250 etiam
1781 4190 1834 4249 est
1854 4173 2029 4272 στέρησις.
2082 4174 2266 4265 Quantum
2282 4199 2346 4267 ego

321 4278 464 4350 amissio
480 4302 555 4348 non
571 4291 623 4363 est
637 4278 802 4369 exiguum
815 4279 913 4362 †aut
928 4280 1028 4350 leve”
1043 4281 1188 4355 malum.
1237 4279 1310 4352 Co-
1356 4275 1476 4345 videre
1490 4300 1650 4367 possum,
1682 4275 1769 4353 haec
1784 4279 1968 4372 perspicue
1982 4293 2017 4350 et
2033 4279 2157 4348 dextre
2177 4276 2348 4349 dicuntur

322 4382 393 4470 gita
408 4393 581 4473 quantum
595 4382 721 4466 decus,
740 4394 775 4451 et
789 4396 961 4473 quantum
977 4382 1112 4452 bonum
1128 4383 1310 4452 fuen'tlux
1357 4390 1391 4448 et
1404 4371 1499 4446 nihil
1514 4372 1646 4450 habent
1658 4380 1905 4466 absurditatis,
1939 4394 1974 4452 et
1988 4392 2071 4450 sunt
2086 4402 2251 4470 germana
2265 4402 2349 4449 sen·

321 4481 383 4551 illa
398 4481 437 4549 in
451 4493 589 4564 mente,
612 4481 711 4551 firma
727 4482 770 4550 de
786 4479 864 4552 Deo
879 4483 1023 4568 notitia,
1048 4507 1113 4573 pro
1128 4508 1197 4575 qua
1213 4508 1310 4552 nune
1353 4479 1467 4557 ‚tentia
1481 4477 1907 4578 doctrinaePropheticae
1924 4476 2208 4572 etApostolieae.
2254 4477 2348 4551 For·

321 4576 469 4651 haerent
492 4583 532 4650 in
553 4596 670 4652 mente
693 4583 877 4667 tenebrae,
906 4585 1079 4673 neglectio
1092 4581 1177 4669 Dei,
1202 4585 1309 4653 dubi·
1356 4579 1455 4649 cassis
1472 4593 1619 4652 naturae
1634 4585 1865 4658 cavillatrices
1879 4583 1990 4652 multa
2007 4582 2205 4667 inveniunt,
2221 4574 2348 4676 quae⁸)

320 4678 512 4777 tationes²)
532 4684 577 4752 de
597 4683 838 4773 providentia,
869 4686 1022 4778 denique
1044 4707 1170 4774 magua
1186 4686 1310 4774 caligo.
1355 4697 1478 4771 argute
1507 4683 1660 4754 obiicere
1691 4700 1856 4779 possunt:
1896 4685 1958 4755 sed
1987 4682 2153 4775 explicari
2181 4707 2201 4754 a
2224 4681 2351 4777 peritis

321 4781 371 4855 Et
393 4784 495 4854 firma
516 4784 700 4854 conversio
721 4784 915 4856 voluntatis
937 4788 979 4855 ad
1005 4783 1140 4870 Deum,
1178 4786 1309 4856 scilicet

322 4909 423 4956 amor
442 4882 528 4970 Dei,
566 4884 674 4955 timor
695 4909 817 4971 verus,
849 4887 977 4957 fiducia
1000 4888 1146 4972 ardens,
1178 4901 1307 4981 quanta

322 4987 417 5058 bona
433 4985 557 5058 erant?
603 4984 708 5059 Nunc
727 5010 793 5079 pro
812 4987 941 5059 timore
962 4989 1054 5059 inest
1075 4988 1204 5059 animis
1224 5013 1310 5083 pro-
1388 5011 1417 5082 a)
1435 5012 1522 5069 codd.
1539 5025 1658 5075 mm,

1389 5098 1417 5165 4)
1438 5097 1510 5154 ttaee
1521 5099 1596 5154 addit
1608 5102 1675 5157 cod.
1686 5100 1785 5157 Mehn.

225 5249 228 5253 ,
326 5199 548 5218 ·············
1390 5186 1416 5251 5)
1434 5182 1512 5238 Text.
1530 5183 1615 5256 impr.
1631 5189 1720 5259 baec,
1741 5185 1815 5258 quod
1837 5181 1921 5240 codd.
1941 5193 2053 5254 excepto
2071 5182 2137 5239 cod.
2153 5181 2274 5257 Mebn.,'
2290 5204 2349 5242 uon

1425 5251 1517 5308 habet.

358 5353 387 5421 l)
405 5349 494 5405 cota.
504 5367 537 5401 ac
550 5350 633 5413 dene3
649 5347 732 5402 Pcuc.
746 5355 772 5399 et
785 5346 849 5401 cod.
861 5346 954 5402 Melta.
967 5357 997 5401 et
1008 5367 1080 5406 vere.
1389 5337 1420 5401 6)
1438 5337 1484 5391 Sic
1497 5336 1562 5392 eod·
1574 5337 1670 5398 Melan.
1683 5348 1712 5394 et
1722 5337 1785 5395 cod.
1798 5335 1865 5391 nav.
1882 5364 1919 5377 -
1953 5332 2028 5388 Test.
2042 5334 2116 5406 vulg.
2132 5351 2258 5392 errores„

354 5435 383 5504 2)
403 5433 486 5485 Peoc.
504 5440 530 5481 et
548 5428 610 5482 cod.
623 5427 719 5483 Mebn.
729 5430 936 5496 dubitationem
956 5429 1022 5485 cod.
1033 5428 1189 5487 unitata.
1205 5441 1232 5486 et
1246 5432 1310 5490 cod.
1389 5420 1418 5488 7)
1438 5419 1525 5474 Οθᾶἆ·
1540 5424 1622 5487 ’ώὶ
1639 5433 1704 5480 test.
1714 5423 1798 5490 imtff·
1811 5429 1837 5474 ⁸²
1849 5416 1913 5516 ⁰⁰2¹·
1931 5415 2142 5472 M‘hfltnmm·

389 5502 453 5556 Bac.
471 5497 618 5555 dudt'tots'o.
1176 5502 1180 5511 “
1336 5520 1338 5525 ·
1392 5504 1419 5573 8)
1438 5505 1584 5560 mmm
1596 5523 1670 5575 qm
1680 5526 1737 5565 m
1750 5507 1877 5577 gemm
1888 5519 1918 5559 m
1933 5501 2020 5565 codd„
