4868 6420
305 335 383 414 sss
887 331 1325 413 omsrousnuu
1374 335 1585 435 merx.
1637 333 1771 417 sess.
2271 336 2351 413 seo

308 495 544 580 Msutdero.
569 501 640 576 Sed
654 501 732 591 scis,
757 497 845 576 haec
858 502 905 573 ad
920 500 1075 596 episcopi
1088 502 1197 574 vestri
1213 502 1304 574 deli-
1351 502 1478 576 Postea
1508 504 1634 575 allatae
1659 517 1743 575 sunt
1766 497 2024 599 Spongedergi
2046 502 2200 590 litterae,
2237 528 2347 599 quem

308 607 529 680 bustionem
563 607 753 700 pertinere.
802 601 902 676 Bene
930 606 1028 690 sale,
1058 605 1116 676 die
1142 606 1207 681 22.
1229 605 1305 678 No·
1352 618 1493 677 excusat
1514 620 1674 690 senatus,
1707 630 1747 676 ac
1770 605 1858 699 petit
1880 629 1925 675 ne
1951 608 1996 676 ab
2011 601 2169 676 Ecclesia
2186 603 2349 678 Northu-

309 704 575 782 vembr.1543.
1351 731 1437 778 sana
1458 708 1641 778 avellatur.
1691 705 1765 778 Nec
1786 731 1872 776 vero
1894 707 2100 777 dubitabam
2122 707 2172 777 ita
2194 730 2345 801 respon·

409 808 520 880 Mitto
544 831 693 899 parvum
718 806 904 893 libellum,
929 808 1029 879 euius
1050 807 1208 882 fortassis
1229 833 1304 880 non
1351 832 1474 879 surum
1491 832 1564 878 esse
1577 804 1904 904 Spungehergium.
1945 804 2082 879 Eodem
2096 821 2255 902 tempore
2268 804 2346 880 Sa·

269 993 279 1005 ι
413 910 553 1001 ingrata
568 910 673 981 lectio
691 910 761 980 erit
775 905 843 981 hoc
860 923 1030 1003 tempore.

307 1290 506 1369 Nestou.

313 1388 486 1423 Μ

598 1562 601 1567 .
648 1474 960 1563 Auditorum.

405 1653 505 1710 Manlii
523 1653 623 1728 isrrsg.
640 1673 669 1729 p.
681 1655 744 1712 284.

660 1806 949 1908 (Auditoribus.)

229 2011 232 2017 ¹
347 1905 491 2021 Optima
504 1960 642 2023 qnseque
656 1941 721 2004 dies
735 1943 856 2007 miseris
872 1943 1052 2007 mortalibus
1069 1944 1137 2008 sevi

346 2025 452 2090 Prima
467 2028 563 2109 lngit,
586 2029 715 2089 subcunt
731 2030 850 2108 morbi,
871 2028 1030 2110 tristisque
1046 2039 1201 2092 senectus:

303 2130 425 2225 inquit
446 2130 564 2204 Poeta.
617 2130 680 2201 Me
702 2155 844 2225 quoque
865 2155 1003 2214 senem,
1042 2147 1078 2204 et
1101 2137 1300 2205 confectum

302 2233 413 2304 variis
428 2232 632 2318 doloribus,
662 2233 771 2303 laedit
792 2235 862 2303 iam
884 2234 987 2302 facile
1009 2236 1106 2304 vocis
1120 2237 1298 2308 contentio

302 2334 343 2405 in
367 2329 434 2404 hac
455 2334 676 2404 assiduitate:
716 2328 951 2427 meque'heri
982 2338 1136 2425 graviter
1164 2339 1298 2409 laesum

302 2436 409 2508 sensi.
468 2434 590 2522 Quare
619 2428 728 2532 hodie
757 2429 847 2505 hora
871 2459 966 2505 nona
993 2461 1067 2508 non
1091 2441 1299 2530 praelegsm,

300 2538 364 2608 sed
380 2559 457 2607 eras
470 2533 564 2632 (Deo
580 2533 706 2628 dante)
719 2537 959 2628 praelecturus
975 2563 1065 2609 sum.
1108 2537 1177 2612 Die
1193 2539 1299 2629 lovis,

299 2651 382 2743 post
394 2638 522 2708 festum
534 2633 769 2722 catharinae,
794 2661 890 2708 anno
907 2633 1017 2734 W)

1126 1391 1299 1424 Μ

298 2966 500 3046 sessor.
633 2919 636 2922 ⁴

305 3065 479 3099 m

1133 2989 1191 3052 29·
1204 2981 1285 3048 Nor.

1117 3072 1290 3102 Μ

575 3135 728 3223 Iooch.
762 3135 1021 3227 Camerario.

367 3315 453 3392 Epist.
467 3314 501 3373 sd
510 3314 652 3374 Csmw.
665 3334 696 3389 ps
705 3319 757 3375 tet
768 3337 811 3391 sq.
829 3320 884 3391 (sd.
894 3319 984 3378 hond.
999 3319 1048 3378 hb.
1058 3322 1110 3379 tv.
1122 3322 1261 3397 ep.bll.).

273 3466 525 3548 ,Clarissimo
562 3472 641 3543 siro
678 3471 826 3569 egregia
859 3471 1065 3548 eruditione
1098 3489 1131 3550 et
1166 3481 1295 3555 virtute

294 3573 466 3675 praedito
494 3570 525 3647 I
528 3569 741 3694 oachimo
765 3565 1040 3697 Camerqrio
1068 3574 1294 3681 Pubergenss

571 3701 692 3747 omsso
716 3701 785 3749 suo
811 3702 1023 3766 curssssmo‚

295 3786 342 3878 S.
366 3805 413 3884 D.
462 3802 695 3905 Dryandro,
726 3810 790 3902 qui
812 3810 876 3881 etsi
896 3836 971 3882 non
991 3829 1032 3885 ut
1048 3814 1229 3892 Vulcanus
1253 3822 1292 3892 in
1383 3823 1390 3830 ”

294 3904 451 3981 Achillis
475 3911 618 4004 clypeo,
645 3934 710 3980 nec
728 3922 769 3980 ut
783 3907 1015 3984 Archimedes
1039 3917 1079 3986 iu
1093 3925 1293 4009 autumatis,

295 4011 364 4081 seli
379 4012 483 4082 orbes
500 4024 535 4083 et
550 4011 686 4097 sidera,
719 4012 782 4082 sed
803 4024 942 4101 tamen,
971 4029 1012 4087 ut
1027 4017 1065 4086 in
1080 4015 1145 4090 hac
1162 4024 1292 4094 barba-

294 4112 367 4198 rie,
397 4113 460 4184 ubi
477 4113 612 4206 premia
628 4107 685 4182 his
699 4113 806 4183 rebus
820 4114 1041 4202 nullasunt,
1064 4123 1291 4197 mediocriter

295 4212 474 4297 imitatur,
505 4214 763 4304 longiusculam
780 4215 966 4305 epistolam
983 4219 1086 4302 dedi,
1119 4247 1181 4295 seu
1201 4251 1290 4321 quc-

294 4315 405 4385 relam
435 4316 573 4406 potius,
613 4340 721 4410 quam
749 4315 818 4388 tibi
845 4312 1039 4393 exhibitam
1070 4346 1143 4393 esse
1174 4350 1289 4419 spero.

362 4618 472 4674 Ductor
482 4615 648 4671 mamimus
663 4615 813 4682 llorlinusr
830 4649 866 4662 -
886 4618 997 4677 ridetur
1009 4623 1093 4696 igitur
1108 4626 1138 4684 in
1158 4629 1209 4689 bse
1226 4635 1287 4707 epi.

363 4687 433 4742 stols
448 4703 552 4740 nomen
574 4685 704 4739 mendose
722 4686 853 4757 scriptum
874 4706 946 4758 esse,
968 4693 1072 4748 tram
1089 4716 1141 4767 pro
1154 4700 1287 4761 Mos-lino.
1333 4674 1529 4802 Q.

361 4754 406 4810 De
426 4752 566 4808 loselsinso
580 4753 720 4829 Morlino,
742 4752 856 4808 Pastore
871 4758 1073 4832 Arnstsdiensi,
1094 4766 1141 4820 sed
1160 4772 1194 4824 sb
1212 4771 1286 4828 Arn.

361 4819 542 4879 auditoribus
556 4838 620 4875 mox
634 4819 738 4891 eiecto,
756 4821 963 4896 Nsnroborgum
977 4832 1119 4901 vocando,
1141 4836 1194 4893 rid.
1207 4842 1287 4896 etism

361 4887 851 5026 ttffllt‘bffllltltbll
865 4893 910 5014 ii
923 4895 1186 5024 i.⁰i'v¹.ii³‘r‘¹v'⁶
1203 4910 1288 4966 ⁸³¹³·

359 4978 428 5100 stop.
440 5025 525 5092 ild).
560 5025 683 5080 Voostus
703 5037 793 5081 sutem
814 4979 976 5087 ssiGoettin
996 5053 1056 5104 sm,
1080 5049 1111 5094 ut
1128 4994 1212 5099 turchi
1224 4978 1288 5103 6'hir

360 5113 391 5218 ‘r‘
408 5092 584 5234 pppbqtzbysqi
601 5093 636 5148 sd
650 5093 807 5150 Morlinuns
824 5097 851 5153 d.
863 5098 890 5153 d.
903 5101 930 5156 6.
942 5100 980 5156 Fe
1015 5106 1116 5165 ,tote
1132 5111 1178 5180 (ds
1189 5065 1286 5174 vvest.

326 5245 358 5321 Ἰ)
379 5247 412 5303 ln
433 5265 507 5302 sono
526 5248 635 5303 videtur
654 5247 783 5303 mudum
803 5269 861 5306 esse
904 5263 931 5309 st
954 5253 1100 5331 legendum
1118 5263 1161 5320 58.
1182 5268 1224 5324 vel
1242 5270 1285 5330 stt

362 5315 443 5373 Csrts
463 5315 529 5370 inde
549 5316 582 5370 sb
603 5333 677 5371 snsro
693 5317 769 5373 1⁵5⁸.
783 5319 850 5375 Mel.
867 5288 1009 5379 isbor‘sbst
1022 5328 1079 5385 less
1094 5351 1149 5387 usn
1171 5355 1202 5391 er
1219 5359 1285 5394 rsu-

360 5385 441 5442 dmg
461 5383 555 5452 Μὴ,
581 5403 670 5456 neque
689 5404 763 5444 sono
783 5388 860 5446 1542.
878 5409 907 5448 ss
927 5394 1066 5467 ippsiisrs
1084 5411 1174 5473 poton
1191 5424 1284 5466 senstu
1335 5454 1345 5474 .

359 5463 388 5512 st
404 5450 562 5511 metensem
573 5451 726 5513 doloribus.

1352 906 1462 978 binus
1495 911 1539 978 ad
1572 934 1629 979 me
1662 909 1820 1001 scripsit,
1852 908 1910 980 cui
1943 910 2062 981 nescio
2094 911 2174 1003 quis
2206 911 2344 1006 aliquid

1352 1011 1508 1082 ostendit
1524 1011 1619 1103 spei,
1652 1035 1692 1080 ac
1710 1012 1755 1081 de
1772 1036 1814 1082 eo
1830 1011 2019 1101 cogitaram
2037 1011 2111 1101 ipse
2131 1025 2252 1099 antea,
2281 1014 2344 1084 sed

1352 1113 1563 1205 quaerebam
1577 1113 1696 1181 animo
1711 1107 1891 1200 hominem
1907 1113 2017 1202 magis
2032 1109 2344 1209 συμβιβαστικὸν.

1351 1213 1627 1307 Longinquitnte
1650 1213 1871 1304 migrationis
1895 1210 1988 1285 nihil
2010 1238 2168 1288 moveor.
2226 1213 2344 1286 Amisi

1350 1315 1460 1384 filiam
1484 1314 1595 1386 multo
1618 1328 1718 1400 ante,
1759 1331 1794 1389 et
1816 1340 1892 1385 eam
1913 1312 1991 1386 Deo
2013 1318 2239 1403 commendo,
2278 1316 2343 1411 qni

1350 1410 1521 1486 hactenus
1544 1440 1620 1485 eam
1640 1418 1833 1488 elementer
1853 1418 1960 1501 rexit,
1992 1415 2146 1510 Fuitque
2158 1414 2250 1488 mihi
2262 1418 2343 1489 'eius

1350 1519 1464 1588 virtus
1485 1541 1633 1608 magnae
1651 1518 1885 1590 consolationi
1903 1518 1941 1587 in
1958 1514 2025 1588 hoe
2042 1532 2189 1610 paterno
2208 1521 2344 1607 dolore,

1350 1643 1458 1712 quam
1480 1619 1557 1689 eius
1579 1620 1757 1690 calamitas
1778 1616 1868 1690 mihi
1887 1621 2008 1707 affert,
2032 1643 2092 1691 seu
2106 1622 2225 1713 potius
2241 1645 2342 1693 erro·

1350 1733 1425 1789 tum
1442 1745 1572 1790 meunt.
1621 1717 1671 1791 Et
1688 1721 1763 1811 ipsc
1786 1722 1957 1811 effugere,
1986 1735 2027 1793 ut
2042 1723 2165 1810 video,
2189 1724 2341 1795 maiores

1349 1822 1632 1911 perturbationes
1659 1822 1792 1913 patriae
1819 1824 1928 1915 cupit.
1985 1822 2120 1915 Scripsi
2150 1838 2268 1895 autern
2297 1825 2343 1912 ei,

1347 1935 1389 1993 ut
1405 1922 1472 1993 tibi
1487 1915 1692 2018 διαρῤήδην
1704 1924 1891 2014 significet,
1917 1925 2004 2019 quid
2020 1926 2123 2011 velit,
2148 1927 2285 2020 tibique
2300 1939 2342 1999 ut

1348 2027 1392 2092 de
1418 2049 1459 2094 eo
1480 2037 1627 2110 statuas,
1659 2026 1838 2116 permitto.
1888 2023 1953 2096 Est
1970 2027 2117 2096 omnino
2135 2030 2252 2098 omnis
2273 2051 2341 2120 gn-

1347 2126 1509 2195 bernatio
1525 2148 1651 2216 magna
1668 2140 1703 2196 et
1717 2151 1845 2218 parva,
1876 2127 2038 2198 divinum
2057 2129 2246 2222 quiddam,
2270 2131 2341 2201 mi·

1347 2222 1455 2320 hique
1467 2251 1606 2319 semper
1620 2243 1787 2318 personat
1800 2231 1839 2298 in
1856 2229 2003 2300 auribus
2018 2231 2142 2300 concio
2157 2225 2340 2318 Iohannis,

1346 2324 1387 2399 εὐ
1404 2321 1563 2401 δύναται
1579 2327 1784 2421 ἄνθρωπος
1803 2323 2012 2424 λαμβάνειν
2030 2326 2144 2405 οὐδὲν
2148 2384 2161 2419 ,
2197 2328 2265 2407 ἐὰν
2283 2329 2339 2430 μὴ

1344 2421 1599 2523 ᾗδεδομὲνον
1630 2427 1734 2526 αὐτῷ
1761 2432 1802 2504 ἐκ
1829 2436 1898 2506 τοῦ
1927 2429 2105 2528 οὐρανοῦ.
2163 2433 2338 2526 Magnum

1345 2529 1413 2602 Dei
1434 2533 1645 2602 beneficium
1667 2556 1741 2602 esse
1765 2534 1902 2620 iudico,
1934 2535 1965 2606 si
1989 2536 2069 2627 quis
2090 2530 2183 2606 hanc
2198 2533 2339 2608 schola-

1344 2633 1467 2702 sticam
1493 2634 1613 2703 navim
1642 2634 1870 2706 mediocriter
1894 2636 2077 2725 gubernet.
2135 2637 2207 2710 Sed
2229 2639 2336 2711 nobis

1343 2734 1538 2824 remigibus
1556 2735 1662 2805 etiam
1684 2760 1773 2826 opus
1792 2753 1844 2809 est
1862 2723 1974 2805 animi
1990 2739 2249 2824 moderatione,
2271 2735 2339 2812 seui

1343 2830 1536 2929 ὑπομονῇ,
1569 2835 1688 2905 nescio
1703 2838 1797 2906 enim
1817 2841 1913 2931 quod
1930 2839 1977 2910 sit
1992 2833 2101 2910 huius
2117 2841 2258 2911 virtutis
2273 2865 2337 2911 ve-

1342 2951 1400 3007 tus
1433 2938 1532 3007 aliud
1565 2961 1709 3012 nomen.
1766 2937 1873 3009 Mitto
1903 2940 1970 3010 tibi
1998 2941 2108 3031 ipsius
2139 2942 2338 3032 epistolam.

1342 3035 1440 3107 Bene
1461 3052 1496 3108 et
1515 3038 1666 3109 feliciter
1685 3038 1775 3113 vale.
1825 3038 1923 3114 Prid.
1937 3038 2121 3128 Andreae,
2143 3068 2252 3137 quem
2267 3039 2337 3115 ho-

1342 3140 1402 3209 die
1425 3141 1493 3229 legi
1510 3137 1664 3210 Achaiae
1681 3142 1860 3211 doctorem
1882 3142 2008 3227 fuisse,
2035 3169 2075 3214 ac
2097 3145 2136 3214 in
2156 3146 2246 3216 urbe
2264 3142 2337 3217 Ps-

1342 3240 1407 3321 tris
1428 3240 1591 3311 affectum
1613 3243 1802 3333 supplicio,
1834 3237 2117 3316 Nuthunui'lem
2140 3270 2224 3318 vero
2247 3271 2337 3317 con-

1341 3342 1522 3413 cionatum
1555 3367 1627 3413 esse
1655 3345 1748 3435 apud
1770 3341 1963 3435 Bituriges.
2021 3343 2057 3417 Ο
2081 3347 2243 3419 miranda
2265 3345 2336 3421 Dei

1340 3467 1456 3535 opera,
1474 3444 1673 3513 mirandam
1682 3446 2232 3538 celestispolitiaecollectionem,
2242 3474 2336 3544 quas

1340 3558 1432 3614 certe
1445 3546 1517 3615 illis
1530 3546 1719 3616 erronihus
1731 3571 1806 3618 non
1822 3549 1940 3618 minus
1956 3549 2110 3620 difficilis
2123 3551 2201 3633 tuin
2222 3574 2334 3648 qnam

1340 3646 1444 3716 nobis
1459 3641 1544 3717 haec
1558 3663 1678 3719 nostra
1693 3642 1881 3745 διοίκησις.
1935 3648 2067 3720 lterum
2084 3653 2174 3727 vale.

1898 3746 2088 3844 Philippus
2106 3749 2284 3831 Melanch.

2197 4085 2232 4152 b.
2255 4076 2333 4145 Dss.

2190 4168 2333 4199 Μ

1590 4233 1734 4344 Epist.
1763 4231 1826 4320 ud
1847 4231 2068 4349 Spoletin.

1435 4390 1582 4460 (Dedimus
1599 4409 1659 4447 esnr
1677 4410 1758 4466 suprs
1772 4394 1799 4451 d.
1819 4395 1843 4450 i.
1857 4400 1929 4467 Aug.
1947 4397 2035 4469 1⁵42)

2187 4690 2316 4763 ωσι

1712 4848 1952 4938 Studiosis.
2165 4785 2329 4814 a

1401 4977 1513 5065 sssum
1530 5012 1557 5067 n
1569 5013 1669 5084 senps.
1687 5013 1763 5098 peu.
1776 5013 1845 5071 r.1.
1860 5015 1945 5087 pas.
1966 5024 2009 5090 a,
2026 5017 2055 5072 nr
2070 5037 2183 5092 prona.
2195 5021 2332 5103 nunu,

1436 5097 1452 5132 s
1467 5080 1644 5138 Melantbone
1658 5092 1804 5155 scriptum.

1363 5215 1988 5297 RectorAcodemiaeMelclsior
2011 5219 2058 5297 F
2058 5224 2225 5304 endiss
2239 5230 2298 5307 D.

1333 5331 1489 5447 Optima
1512 5384 1670 5454 quaeque
1695 5361 1795 5453 prius
1815 5363 1980 5433 manibus
1995 5365 2185 5456 rapiuntur
2200 5374 2333 5463 avaris,

1334 5459 1452 5570 inquit
1467 5455 1624 5532 Ovidius
1647 5463 1691 5533 de
1707 5477 1821 5537 morte
1838 5461 1979 5534 Tibulli
1998 5479 2140 5558 poetas,
2174 5495 2271 5567 quse
2286 5500 2331 5551 so
2353 5550 2358 5559 ,
