4868 6420
201 354 278 434 sse
789 341 1245 425 urrsronanuu:
1281 347 1478 429 murm
1528 308 1668 427 1544.
2049 403 2053 421 2
2169 350 2246 426 sss

200 523 322 598 fratris
345 514 589 594 Ferdtnandt
606 524 819 602 adventum,
845 521 956 591 multa
981 520 1037 610 agi
1056 509 1200 614 θερμό-
1250 535 1284 593 et
1297 532 1444 616 propter
1460 520 1745 594 benevolentiam
1767 534 1927 592 mutuam
1943 523 2093 595 candide
2108 524 2244 614 dicunt,

199 649 322 723 τερον.
372 626 463 697 Nam
480 619 640 721 Lycaon
662 618 758 695 hunc
779 624 956 696 accendet.
1008 621 1079 693 Sed
1096 622 1198 689 brevi
1248 627 1346 718 quod
1373 627 1534 710 videtur,
1562 637 1596 694 et
1615 623 1770 715 probant
1791 622 1902 709 illud,
1926 627 2023 718 quod
2038 627 2144 701 estin
2161 651 2244 698 ora-

199 726 288 801 haec
314 726 475 801 sciemus.
541 726 755 820 Ubicunque
775 725 906 794 civium
940 736 1083 794 tuorum
1115 722 1198 792 liliis
1247 727 1345 799 tione
1370 729 1437 797 filii
1468 729 1513 797 ad
1536 723 1748 822 Tyrannum
1777 727 1872 817 apud
1895 720 2128 817 Sophoclem:
2178 725 2244 802 καὶ

197 832 366 926 prodesse
388 843 532 921 potero,
556 852 694 899 summa
718 827 902 898 voluntate
924 842 959 897 et
980 825 1140 917 ipsorum
1163 840 1197 895 et
1245 832 1323 902 τῶν
1349 822 1536 928 λεγόντων
1555 820 1617 912 οὗ,
1650 820 1768 899 καλὸν
1791 822 1835 898 τὸ
1857 821 2089 920 μανθάνεται
2141 826 2195 902 lta
2220 856 2241 902 e

199 947 259 1006 tua
277 954 382 1004 causa
397 932 447 999 eis
464 930 627 1003 serviam.
668 921 865 999 Mattheus
880 920 1036 996 Polerus
1050 927 1099 996 ita
1113 951 1198 1018 pro-
1247 933 1422 1002 contrario
1461 929 1695 1022 periculosiss.
1725 943 1775 999 est
1808 930 1967 1021 imperiis
2002 945 2037 1002 et
2059 928 2239 1004 Ecclesiae
2294 935 2299 939 ’

197 1035 301 1121 fecit,
331 1046 372 1103 ut
385 1029 563 1102 Ecclesiae
585 1031 643 1101 dei
669 1055 805 1123 sperem
829 1030 913 1100 usui
928 1052 1056 1118 magno
1082 1041 1117 1096 et
1137 1053 1198 1098 or·
1247 1035 1419 1103 committi
1448 1027 1573 1102 in'his
1603 1031 1846 1119 congressibus
1878 1026 2042 1103 homines
2065 1033 2240 1122 inimicos,

199 1150 367 1217 nomento
383 1137 544 1204 futurum
561 1157 644 1207 esse.
695 1131 793 1201 Bene
810 1131 899 1205 vale.
949 1125 1196 1224 Die25.lllar-
1246 1137 1409 1205 ardentes
1431 1134 1542 1219 odiis,
1567 1157 1643 1203 non
1656 1147 1813 1204 amantes
1827 1133 2030 1221 veritatem,
2055 1149 2116 1207 aut
2131 1137 2239 1207 fasci-

198 1239 263 1320 tii,
296 1261 367 1332 quo
401 1249 482 1307 ante
512 1259 626 1304 annos
659 1233 762 1309 5504
792 1228 909 1303 Adam
938 1233 1103 1302 conditus
1133 1246 1197 1319 est,
1246 1251 1347 1306 natos
1369 1236 1486 1327 pravis
1509 1234 1757 1326 opinionibus,
1796 1235 1996 1328 etquidem
2019 1237 2083 1307 ubi
2108 1240 2238 1311 desunt

199 1344 284 1411 'ante
318 1360 432 1408 annos
464 1361 549 1407 vero
583 1333 681 1408 1545
714 1331 877 1407 Christus
914 1348 1104 1426 conceptus
1133 1346 1195 1420 est,
1244 1333 1465 1434 βραβευταὶ.
1516 1335 1632 1408 Deum
1651 1349 1832 1406 aeternum
1848 1328 1983 1428 patrem
2007 1338 2145 1407 domini
2170 1365 2238 1411 no.

198 1454 283 1513 ante
301 1463 414 1511 annos
436 1464 521 1510 vero
542 1437 640 1513 1511
659 1434 823 1509 Christus
840 1436 1026 1506 crucifixus
1041 1450 1103 1507 est.
1246 1440 1310 1510 stri
1326 1440 1405 1510 lesu
1414 1435 1551 1511 Christi
1564 1464 1642 1522 oro,
1667 1451 1707 1508 ut
1724 1439 1856 1507 exitum
1872 1439 2052 1530 placidum
2070 1442 2130 1511 det
2145 1442 2237 1512 utri·

713 1535 902 1631 Philippus
918 1533 1144 1607 Melanthon·
1247 1568 1314 1636 que
1339 1542 1546 1628 conventui,
1581 1539 1742 1632 Spirensi
1763 1554 1796 1609 et
1819 1537 1973 1634 Lipsico.
2023 1540 2122 1613 Bene
2147 1545 2238 1632 vale,

1247 1645 1303 1714 die
1319 1643 1567 1728 XXV.Mart.,
1590 1667 1661 1734 quo
1676 1655 1757 1712 ante
1772 1665 1885 1712 annos
1899 1638 2000 1716 5504
2016 1639 2135 1713 Adam
2151 1670 2237 1716 con-

1246 1748 1341 1817 ditus
1365 1759 1439 1830 est,
1459 1759 1540 1816 ante
1564 1767 1676 1813 annos
1694 1769 1778 1814 vero
1803 1740 1901 1818 1545
1918 1741 2081 1816 Christus
2101 1746 2139 1815 in
2152 1746 2237 1817 Ma·
2270 1783 2272 1787 ·

213 1890 271 1963 No
299 1891 427 1966 28891
1035 1888 1185 1960 efflas,
1245 1849 1298 1919 ria
1313 1848 1451 1939 virgine
1471 1859 1659 1936 conceptus
1684 1859 1754 1927 est,
1781 1858 1863 1915 ante
1886 1869 2000 1916 annos
2022 1872 2105 1917 vero
2134 1845 2230 1924 1511

205 1944 420 2027 siv-‚2
1032 1939 1195 2009 *ω’
1245 1947 1408 2023 Christus
1423 1950 1609 2021 crucifixus
1624 1961 1694 2028 est,
1720 1960 1754 2017 et
1770 1947 1883 2018 factus
1904 1948 2057 2024 victima.

475 2077 624 2162 leucii.
656 2073 913 2163 Camerario.
1805 2060 1994 2156 Philippus
2008 2062 2184 2140 Melanth.
2283 2108 2285 2112 -
2406 2077 2414 2089 ’

199 2278 202 2283 -
267 2238 356 2314 ΕΜ·
367 2240 401 2295 ⁸⁶
413 2239 551 2296 camerae.
563 2256 589 2312 Ρ·
602 2236 655 2293 ⁴⁵⁸
668 2256 709 2310 “¹⁸
727 2238 789 2336 (⁸⁶3
802 2238 893 2293 Laud.
904 2237 1010 2311 ΜΨ·
1023 2236 1107 2306 mi
1347 2283 1455 2355 Initio
1481 2276 1720 2381 conventus*)
1742 2297 1931 2377 postquam
1951 2279 2102 2355 Carolus
2117 2283 2236 2379 lmpe-

198 2364 526 2465 Clarissimoeviro
550 2371 754 2447 credilium
770 2368 808 2446 'ei
831 2373 961 2447 virtute
984 2374 1196 2476 praestanti
1244 2400 1341 2457 rator
1368 2400 1461 2457 certa
1483 2385 1712 2454 deliberanda
1734 2385 1937 2478 proposuit,
1976 2389 2237 2461 contenderunt

221 2474 397 2552 Inachi
405 2505 473 2553 mo
499 2472 536 2554 C
541 2477 747 2549 emereri
755 2503 776 2548 ο
801 2471 1032 2575 Pedergensi
1050 2477 1170 2550 amico
1244 2488 1468 2561 Coloniensis
1492 2501 1525 2557 et
1547 2485 1729 2558 Palatinus
1752 2487 1896 2572 acriter,
1929 2500 1970 2557 ut
1986 2489 2031 2556 de
2045 2486 2236 2580 Religione

349 2590 352 2594 ’
584 2605 653 2653 suo
673 2579 801 2656 cariss.
1245 2593 1519 2693 deliberaretur,
1549 2589 1790 2665 etexordium
1814 2590 1955 2680 arebus
1971 2588 2105 2662 divinis
2119 2615 2236 2666 sume-

193 2690 244 2787 S·
267 2712 315 2792 D.
376 2712 458 2788 Etsi
479 2712 666 2786 historiam
688 2730 884 2787 conventus
908 2711 1098 2813 Spirensis
1131 2741 1193 2787 co·
1244 2708 1354 2768 ‘⁰1¹¹ss
1396 2776 1402 2783 .
1731 2772 1734 2778 .
1998 2777 2018 2795 „
2065 2776 2069 2783 .

197 2817 337 2910 piosius
356 2821 401 2889 ad
421 2842 484 2888 vos
504 2819 613 2888 scribi
637 2819 810 2903 arbitror,
836 2843 943 2914 quam
966 2822 1012 2890 ad
1030 2843 1114 2901 nos,
1139 2832 1194 2892 ta-
1344 2809 1468 2881 Nostri
1487 2807 1747 2879 contenderunt
1770 2806 1814 2876 de
1829 2828 1915 2901 pace
1937 2807 2055 2885 danda
2071 2823 2105 2880 et
2119 2810 2163 2879 de
2177 2809 2236 2880 iu·

194 2944 283 2999 men
303 2922 408 2991 mitto
431 2920 471 2989 in
493 2920 629 3013 pagella
653 2944 759 3013 quam
780 2922 922 3007 addidi,
947 2946 987 2992 ea
1009 2945 1099 3016 quae
1121 2916 1193 2993 huc
1243 2911 1522 2986 dicioCamerae
1548 2909 1796 2983 constituendo
1819 2921 1902 3001 ante
1924 2924 2075 2980 caeteras
2099 2912 2236 2983 delibe-

195 3022 304 3095 allata
321 3034 415 3096 sunt.
461 3019 610 3093 Videbis
628 3023 822 3115 depositam
838 3046 911 3093 esse
928 3025 1193 3095 contentionem
1242 3016 1409 3090 rationes.

197 3127 244 3196 de
265 3127 415 3218 petenda
441 3147 544 3214 pace,
577 3148 667 3218 quae
688 3125 792 3196 initio
812 3129 998 3222 φορτικῶς
1029 3127 1192 3197 instituta
1345 3132 1415 3204 Sed
1440 3133 1583 3221 tandem
1608 3130 1749 3215 omissis
1780 3125 1838 3200 his
1860 3129 2149 3201 contentionibus
2172 3132 2236 3201 de-

194 3227 336 3300 fueratr
383 3225 489 3326 Eune
513 3226 622 3316 igitur
642 3227 688 3295 de
714 3241 831 3298 vestro
866 3241 1045 3298 conventu
1070 3228 1193 3318 magis,
1243 3250 1376 3308 cretum
1403 3250 1455 3307 est
1479 3234 1658 3305 communi
1680 3257 1873 3317 consensu,
1898 3245 1940 3304 ut
1956 3234 2045 3302 ordo
2060 3256 2080 3301 a
2095 3223 2235 3303 Curato

196 3353 306 3424 quam
322 3329 367 3398 de
383 3326 544 3420 Spirensi
561 3327 719 3399 wilcitttt
733 3353 824 3402 sum·
873 3327 985 3400 Plane
999 3325 1192 3421 reprehen-
1242 3340 1478 3432 praescriptus
1494 3350 1709 3421 servaretur,
1732 3361 1772 3407 ac
1788 3335 1902 3426 prima
1918 3346 2006 3404 esset
2025 3333 2235 3407 deliberatio

194 3435 247 3502 do
260 3422 630 3528 πολυπραγμοσύνην
642 3453 786 3516 eorum,
809 3430 872 3525 qui
895 3456 976 3502 cum
1000 3427 1117 3501 adhuc
1138 3446 1192 3502 te·
1241 3446 1286 3512 de
1300 3441 1440 3513 auxiliis
1458 3452 1581 3510 contra
1597 3437 1734 3508 Turcas
1750 3435 1945 3521 mittendis.

193 3556 305 3604 norae
328 3532 401 3602 sint
421 3528 599 3602 Ecclesiae
628 3545 783 3617 vestrae,
822 3557 972 3626 cumque
992 3535 1192 3605 voluntates
1343 3557 1432 3629 Eem
1456 3557 1749 3627 deliberationem
1769 3554 1932 3624 scribunt
1948 3551 2062 3625 nestri
2082 3551 2155 3622 iem
2170 3552 2235 3627 eb,

194 3636 476 3726 gubernatorum
495 3631 880 3705 adhucdissimillimac
895 3636 980 3721 sint,
995 3650 1192 3707 conventus
1241 3663 1392 3732 solutam
1417 3656 1502 3731 esee·
1552 3651 1606 3726 Ae
1620 3680 1717 3727 nune
1736 3655 1975 3725 dedentem,
1991 3637 2173 3729 Carolme',
2200 3668 2236 3727 et

195 3737 375 3810 indicunt.
440 3734 626 3824 Quantum
651 3737 719 3807 tuit
742 3736 781 3804 in
806 3734 935 3807 Atticis
959 3738 1192 3808 concionibus
1239 3754 1543 3842 Festinandum,
1568 3772 1718 3851 quantas
1731 3757 1800 3849 ipsi
1822 3755 1940 3847 copias
1955 3768 1991 3826 et
2005 3780 2075 3849 quo
2091 3757 2235 3831 missuri

194 3834 427 3909 hffilbffium
442 3838 687 3924 ‘eriminum’
704 3852 875 3931 quintum
891 3839 929 3907 5¹¹
938 3836 1192 3933 Sl¹¹⁰dl⁸EPl·
1240 3867 1324 3940 sint,
1375 3862 1430 3935 De
1446 3863 1536 3932 duce
1560 3875 1682 3932 contra
1699 3859 1839 3931 Turcos
1857 3858 2022 3948 eligendo
2041 3852 2135 3927 nihil
2149 3853 2235 3930 bac-

196 3939 413 4033 scoporum?
439 3964 528 4033 quae
554 3940 629 4032 ipse
644 3941 720 4010 vidi
743 3941 905 4010 incendia
919 3941 959 4008 in
972 3942 1110 4034 aliquot
1125 3966 1191 4012 no-
1239 3983 1343 4040 tenue
1357 3954 1566 4056 eeeepimue,

195 4043 279 4114 stris
287 4041 461 4136 Synodis,
477 4066 567 4134 quae
580 4057 623 4112 ut
636 4055 711 4112 arte
726 4042 1020 4132 extingueremus,
1042 4066 1190 4133 magno-

195 4166 281 4238 pere
296 4143 401 4214 nobis
415 4143 651 4214 laborandum
668 4144 745 4217 tuit
787 4142 939 4213 Memini
954 4145 994 4213 in
1010 4134 1191 4215 Chalcide

196 4269 337 4331 mecum
364 4239 613 4345 Macedonem
636 4260 671 4316 et
694 4244 1037 4335 Wirtcbergensem'
1062 4271 1189 4338 magna

197 4372 281 4420 rum
309 4348 536 4418 solicitudine
561 4349 777 4432 deliberare,
816 4350 998 4441 quomodo
1033 4363 1107 4420 arte
1133 4350 1190 4420 di-

195 4451 418 4522 mitteremus
444 4474 523 4534 eos,
544 4451 608 4544 qui
630 4448 813 4520 convocati
835 4451 994 4535 suerent,
1027 4463 1060 4520 et
1082 4475 1188 4544 quarn

195 4551 405 4623 mollissime
424 4553 696 4623 dissolveremus
711 4565 937 4626 conventum.
979 4551 1021 4620 ln
1037 4575 1114 4621 eam
1130 4577 1195 4622 ra..

1342 4083 1593 4156 Controversia
1612 4105 1701 4174 quae
1715 4079 1788 4151 fuit
1800 4080 1844 4150 de
1860 4077 2045 4150 Cattorum
2064 4078 2234 4150 comitatu

1238 4191 1332 4260 inter
1359 4181 1589 4261 Nassaicnm
1621 4197 1655 4254 et
1683 4175 1993 4275 Landgravium,
2038 4182 2231 4272 composita

1238 4293 1368 4375 fertur,
1390 4288 1515 4359 solutis
1532 4284 1792 4374 aLandgravio
1809 4296 1952 4354 centum
1967 4280 2139 4357 millibus.
2178 4280 2233 4368 De

1238 4419 1308 4488 quo
1325 4393 1489 4463 dubitare
1507 4389 1637 4457 multos
1653 4385 1772 4457 audio.
1834 4437 1838 4444 .

1338 4506 1553 4579 Existimant
1567 4497 1748 4576 Carsium
1765 4517 1848 4575 ante
1864 4501 1971 4573 Pasce
1995 4502 2231 4573 discessurum

1238 4638 1279 4682 ex
1299 4624 1495 4693 conventu,
1517 4621 1559 4679 nt
1575 4622 1736 4677 occurrat
1752 4603 1886 4691 Gallis,
1916 4603 1979 4695 qui
1994 4616 2107 4675 toturn
2123 4606 2232 4678 duca.

1238 4730 1313 4786 tum
1326 4711 1602 4800 Lucelburgium
1627 4722 1856 4800 occuparunt.
1915 4702 1970 4775 De
1987 4702 2033 4779 D.
2055 4705 2231 4779 Brunsvi·

1237 4817 1334 4888 censi
1365 4814 1485 4884 nullae
1515 4806 1633 4883 adhuc
1669 4811 1817 4884 fuerunt
1856 4807 2128 4880 deliberationes
2162 4833 2239 4902 pu<

1237 4920 1362 4990 blicae.
1807 4924 1811 4933 '

1341 5030 1559 5123 Compositio
1577 5029 1836 5100 controversiae
1852 5026 2038 5100 Cattorum
2055 5030 2230 5119 significa·

197 5155 401 5169 ···········
1239 5150 1294 5208 ret
1308 5133 1458 5207 eiectae
1480 5136 1548 5204 τοῦ
1566 5123 1840 5226 αὐτοκράτορος
1853 5127 1945 5226 πρὸς
1955 5124 2160 5230 μακεδόνα,
2186 5147 2228 5216 ut

266 5253 394 5321 ,ventre
430 5249 606 5323 loquetura
620 5249 757 5304 Hessuset
776 5248 821 5304 atii
842 5249 978 5322 principes
1000 5253 1189 5322 procedunto
1239 5263 1301 5330 ego
1318 5238 1461 5330 quidem
1478 5258 1579 5326 spero
1595 5259 1634 5304 ac
1655 5234 1861 5307 ratiocinor.

265 5321 395 5392 „obviam
410 5332 483 5375 extra
496 5319 646 5390 civitatem,
664 5331 717 5373 tem
739 5320 795 5372 lum
812 5321 969 5375 monasterii
993 5322 1121 5375 mandato
1135 5323 1190 5378 Ca·

265 5389 343 5459 „coli
357 5390 521 5445 occluditur.
558 5387 620 5458 Qua
631 5408 661 5442 cr
674 5406 704 5441 re
718 5340 819 5443 lictum
836 5397 885 5461 est,
898 5390 972 5457 qnod
987 5389 1086 5444 concio
1093 5390 1189 5444 Eran-

197 4655 353 4739 tionem,
383 4665 425 4725 ut
443 4667 483 4724 tu
504 4677 646 4747 quoque
669 4653 871 4738 incumbas,
906 4666 940 4723 te
961 4649 1189 4724 vehementer

196 4780 262 4843 oro
276 4769 381 4849 atque
397 4756 564 4830 obtestor.
616 4753 665 4826 Ut
683 4750 777 4823 nihil
792 4755 932 4824 dulcius
950 4769 1001 4825 est
1015 4768 1050 4825 et·
1064 4758 1189 4826 utilius

195 4857 387 4953 colloquiis
416 4871 451 4927 et
487 4857 677 4928 collatione
701 4857 958 4928 sententiarum
979 4859 1075 4929 inter
1096 4859 1189 4944 illos,

195 4961 264 5056 qni
289 4973 326 5031 et
350 4959 533 5030 veritatem
556 4971 695 5043 amant,
721 4952 910 5028 et²¹moneri
934 4983 970 5029 se
993 4961 1190 5054 patiuntur,

263 5456 358 5531 „getii
369 5458 484 5514 tronlata
504 5457 539 5510 sit
555 5454 685 5578 ctemqlo
706 5456 734 5511 in
747 5456 881 5511 ambitum
896 5459 953 5512 eius
966 5459 1139 5527 monasterii,
1159 5461 1188 5516 in

264 5546 345 5601 „quo
360 5536 386 5581 et
399 5536 519 5600 pergunt
532 5543 631 5596 magna
662 5524 786 5582 ominum
802 5523 956 5600 frequentia
971 5525 1141 5584 concionari.
1149 5528 1166 5557 ''
1271 5527 1301 5600 ἸΙ)
1321 5526 1400 5583 cont.
1416 5525 1494 5600 epist.
1509 5525 1611 5581 licentii
1626 5525 1652 5582 d.
1666 5524 1693 5588 d.
1707 5514 1733 5588 5,
1746 5522 1831 5579 Mart.

189 5605 377 5675 Μωιτι.
393 5606 499 5671 Ores.
512 5605 595 5671 Vor..
609 5602 652 5668 V.
1372 5605 1423 5679 22
