4868 6420
223 335 300 415 829
799 331 1239 413 EPISTOLARUM
1286 334 1395 417 ΜΒ.
1426 335 1492 419 IX.
1544 335 1680 416 tsto
2181 339 2259 418 880

224 510 378 583 betiores
408 521 491 581 sunt
516 522 551 579 et
569 507 663 579 vires
688 532 812 579 omnes
832 509 1084 599 languidiores.
1139 505 1214 579 Ner
1266 510 1360 580 enim
1378 509 1516 580 labores
1532 511 1684 582 aliorum
1692 534 1794 583 causa
1812 506 2028 604 suscipiendi
2044 525 2127 583 sunt
2135 511 2259 582 omni-'

223 612 383 683 coctione
403 610 558 700 integra,
584 634 649 679 nec
674 634 797 681 somno
819 612 902 681 satis
926 612 1060 701 rigatur
1080 603 1213 681 exbau-
1266 613 1332 681 bus
1354 612 1591 682 mediocribus
1615 608 1834 688 hominibus.
1884 611 1956 685 Sed
1977 614 2256 686 consolationem

223 727 317 786 stum
338 734 481 802 corpus:
522 723 557 781 et
580 712 808 782 cumulantur
839 712 963 783 aetatis
990 713 1082 782 mala
1106 711 1212 797 curis,
1265 726 1464 798 teneamus,
1489 739 1594 812 quam
1611 715 1771 785 doctriua
1788 715 2141 806 coelestisproponit.
2171 712 2255 785 Me·

222 814 427 898 doloribus,
447 811 631 903 periculis,
654 813 795 898 erratis,
812 813 1011 899 aerumnis,
1025 837 1111 906 quas
1125 813 1211 882 sub-
1262 814 1490 898 minerimus‚
1516 839 1581 884 nos
1595 816 1634 884 in
1651 810 1715 886 hac
1731 816 1857 887 militia
1867 814 1944 887 Deo
1959 818 2108 897 servire,
2136 829 2172 886 et
2186 814 2253 886 ali·

221 917 307 986 iude
321 909 406 985 haec
430 914 629 1015 communis
645 915 717 984 vita
743 938 803 984 seu
824 915 988 985 fortunae
1004 915 1209 985 inconstan-
1262 929 1394 1008 quanto
1411 927 1491 1006 post
1506 931 1672 988 venturos
1687 939 1760 988 esse
1777 917 1816 986 in
1833 931 1993 1010 portum,
2017 919 2082 988 ubi
2095 916 2179 989 laeti
2193 939 2253 988 ac-

221 1018 271 1089 tia
291 1010 451 1088 attrahit.
504 1012 588 1084 Non
608 1015 704 1083 euim
720 1017 766 1099 de
789 1011 904 1085 nihilo
921 1017 1056 1086 dictum
1071 1028 1123 1085 cst
1138 1006 1209 1110 φό-
1261 1017 1497 1108 quiescemus,
1529 1018 1567 1098 {si
1587 1019 1694 1087 modo
1728 1020 1924 1090 adferemus
1944 1032 2059 1090 rectae
2085 1019 2252 1090 volunta·

220 1117 296 1214 βου
308 1112 352 1189 τὸ
366 1119 495 1214 γῆρας,
522 1110 568 1186 οὐ
581 1109 656 1211 yoip
671 1113 813 1212 ἔρχεται
825 1110 956 1210 μόνον.
1009 1116 1132 1206 Quid?
1150 1116 1209 1186 ni·
1260 1118 1306 1187 tis
1321 1117 1592 1199 conscientiam,
1618 1143 1708 1211 quae
1729 1134 1864 1190 tantum
1880 1121 2016 1191 bonum
2038 1132 2107 1201 cst,
2129 1132 2170 1190 ut
2182 1116 2252 1190 Ce-

221 1215 322 1290 hilnc
342 1230 486 1287 movent
505 1239 611 1286 sanos
632 1241 852 1288 summorum
877 1233 911 1288 et
931 1218 1208 1308 sapientissimo-
1260 1213 1387 1309 phalus
1410 1219 1515 1288 etiam
1528 1288 1533 1295 ,
1546 1219 1690 1308 ignarus
1718 1223 1875 1293 coelestis
1897 1221 2098 1304 doctrinae,
2130 1234 2251 1290 tamen

220 1344 301 1392 rum
323 1327 447 1388 scitum
468 1318 539 1388 fata
563 1332 597 1388 et
619 1317 807 1388 interitus?
856 1317 1038 1403 Herculis,
1064 1315 1209 1411 Oedipi,
1259 1321 1353 1410 apud
1377 1318 1559 1389 Platonem
1583 1321 1693 1391 dicat:
1743 1326 1797 1415 aqi
1819 1317 1859 1396 di
1883 1315 2001 1415 μηδὲν
2022 1318 2145 1416 ἑαυτῷ
2169 1315 2252 1392 ἄδι·
2295 1348 2297 1352 ’

218 1419 372 1504 Priami,
403 1415 702 1509 Agamemnonis,
734 1417 839 1514 Cyri,
863 1417 1003 1505 Niciae,
1025 1417 1207 1504 Demadis,
1259 1414 1519 1502 κονξυνειὸότι
1534 1416 1642 1515 ἡδεῖα
1655 1417 1752 1502 ἐλπὶς
1769 1421 1824 1496 oiei
1837 1417 2010 1522 πάρεστι,
2037 1417 2101 1495 καὶ
2119 1416 2250 1522 ἀγαθὴ

217 1515 487 1604 Demosthenis,
513 1516 648 1605 Crassi,
677 1517 860 1612 Pompeii,
892 1519 1068 1607 Caesaris,
1098 1518 1206 1591 Cato·
1260 1514 1505 1620 γηροτρόφος.

217 1624 293 1704 nis,
319 1620 502 1693 Ciceronis
523 1634 557 1691 et
582 1620 733 1691 aliorum
757 1621 1092 1707 innumerabilium,
1117 1646 1207 1716 quo·
1332 1649 1338 1657 ¹
1359 1620 1433 1691 Has
1448 1624 1653 1716 praecipuas
1670 1625 1927 1696 consolationes
1948 1651 2029 1698 cum
2046 1624 2248 1709 didicimus,

217 1749 299 1796 rum
322 1747 402 1795 cum
426 1723 587 1791 videmus
609 1746 683 1792 non
700 1724 806 1793 modo
831 1737 1003 1793 senectam
1017 1723 1123 1793 fuisse
1138 1723 1206 1792 mi·
1258 1738 1334 1793 tum
1356 1748 1440 1794 vcro
1466 1737 1501 1795 et
1523 1726 1621 1798 iuvat
1644 1740 1680 1798 et
1699 1731 1856 1818 prodest,
1880 1730 2009 1797 addere
2023 1725 2250 1797 suavissimos

218 1838 352 1909 seram‘,
391 1826 450 1894 sed
481 1825 554 1894 fere
586 1837 696 1895 totam
719 1815 829 1894 vitam
852 1825 891 1893 iu
914 1825 1121 1916 perniciosis
1145 1838 1207 1896 aut
1258 1826 1339 1894 illos
1355 1813 1542 1896 Ciceronis
1557 1851 1746 1902 sermones.
1799 1827 1848 1899 Ut
1865 1830 1959 1898 enim
1983 1828 2152 1898 arescenti
2169 1850 2250 1896 cor-

218 1939 312 1999 eerte
338 1924 528 1995 inutilibus
560 1925 848 1996 contentionibus
873 1940 1092 1996 consumtam
1122 1947 1206 2010 esse,
1257 1925 1336 2016 pori
1360 1926 1473 1996 victus
1494 1921 1680 1997 humidior
1700 1952 1740 1999 ac
1765 1930 1903 2000 dulcior
1924 1929 2110 2012 conducit,
2135 1928 2184 1999 ita
2209 1927 2249 1996 in

187 2048 190 2052 ·
215 2023 365 2099 hnmani
388 2026 526 2116 generis
547 2025 824 2096 imbecillitatem
841 2050 913 2096 non
930 2050 1115 2117 possumus
1131 2050 1206 2095 non
1257 2023 1313 2095 bis
1336 2029 1523 2097 senectutis
1547 2031 1641 2097 curis
1670 2042 1705 2099 et
1733 2031 2021 2100 contentionibus
2046 2029 2249 2098 animorum

216 2128 415 2222 deplorare.
470 2125 544 2198 Nec
574 2128 732 2220 profecto
760 2151 862 2197 mens
892 2129 1015 2218 ignara
1044 2127 1206 2198 coelestis
1257 2128 1431 2198 moestitia
1454 2128 1623 2198 diluenda
1646 2142 1716 2216 cst,
1738 2143 1772 2199 et
1795 2131 1962 2222 asperitas
1984 2130 2180 2217 mitiganda
2195 2129 2250 2197 le·

216 2231 401 2303 doctrinae
421 2252 461 2299 ac
478 2240 645 2320 reputans
661 2229 941 2319 magnitudinem
956 2251 1205 2300 aerumnarum
1257 2229 1433 2298 ctionibus
1452 2231 1688 2299 suavioribus.
1739 2227 1836 2300 Mihi
1852 2233 1996 2324 quidem
2020 2253 2250 2319 magnaeve-

216 2332 320 2405 aliter
333 2330 463 2400 sentire
479 2342 604 2422 potest,
625 2354 731 2423 quam
747 2325 948 2402 utSilrnus
963 2344 1083 2422 captus
1100 2329 1204 2399 dixit:
1255 2329 1383 2420 luptati
1399 2330 1468 2400 fuit
1480 2326 1565 2400 hacc
1581 2329 1727 2401 Catonis
1743 2331 2032 2403 commemoratio
2047 2332 2194 2415 relecta,
2209 2330 2249 2400 in

214 2428 422 2505 hominibus
436 2433 540 2521 longe
556 2432 730 2522 optimum
745 2455 818 2502 esse
838 2456 913 2502 nou
928 2431 1046 2516 nasci,
1078 2453 1205 2501 secun·
1256 2455 1325 2524 qua
1348 2444 1400 2502 tot
1421 2455 1567 2522 magnos
1590 2432 1685 2500 viros
1708 2448 1883 2517 recenset,
1915 2456 2067 2526 quorum
2089 2430 2249 2521 meinpla

215 2537 304 2605 dum
322 2557 405 2602 vero
429 2546 530 2603 natos
553 2533 622 2602 cito
646 2534 769 2606 emori.
822 2532 918 2622 Quid
936 2534 1045 2623 igitur
1063 2532 1126 2602 illa
1148 2553 1204 2601 se-
1256 2545 1419 2616 monent,
1444 2548 1615 2625 quantum
1634 2533 1673 2601 in
1687 2533 1855 2603 omnibus
1870 2534 1963 2604 vitae
1980 2533 2149 2624 partibus,
2176 2555 2250 2616 seu,

214 2635 368 2707 uectmis
382 2625 600 2726 θελκτήρια,
625 2656 715 2727 quae
732 2631 820 2704 Cato
837 2647 1004 2719 recenset,
1029 2645 1202 2727 quantum
1254 2646 1295 2703 ut
1317 2633 1363 2702 ita
1387 2634 1519 2717 dicam,
1540 2634 1661 2724 spatiis
1685 2636 1881 2703 moderatio
1903 2635 2014 2704 animi
2031 2633 2248 2726 praesidium

211 2735 364 2809 iuvant?
413 2732 496 2805 Alia
512 2735 617 2804 nobis
632 2735 824 2804 efficaciore
844 2736 1020 2805 medicina
1036 2757 1125 2826 opus
1139 2746 1204 2818 est,
1254 2734 1310 2807 sit.
1362 2731 1544 2804 Praeclare
1561 2748 1821 2805 consenuerunt
1836 2734 1985 2821 Fabius,
2002 2734 2121 2826 Scipio
2129 2732 2248 2819 ,Lac-

213 2863 321 2934 quam
336 2838 446 2908 tradit
459 2837 619 2906 coelestis
633 2836 812 2922 doctrina,
837 2860 917 2905 cum
940 2858 1061 2907 causas
1077 2834 1204 2905 mortis
1254 2834 1325 2903 lius
1346 2847 1381 2904 et
1404 2835 1466 2905 alii
1490 2836 1612 2921 multi,
1637 2860 1791 2929 quorum
1813 2831 1871 2907 hic
1888 2838 1926 2906 fit
1947 2837 2094 2911 mentio.
2145 2832 2246 2922 Quid

213 2955 248 3011 et
262 2961 515 3010 aerumnarum
537 2951 737 3008 nostrarum
763 2937 942 3030 patefacit,
965 2951 1000 3008 et
1022 2935 1126 3008 certis
1151 2951 1203 3008 tc-
1255 2934 1349 3005 enim
1366 2930 1422 3004 his
1445 2936 1513 3007 fuit
1533 2937 1775 3009 moderatius?
1825 2935 1998 3009 Econtra
2013 2936 2246 3007 immoderata

211 3040 389 3113 stimoniis
399 3040 491 3108 viam
503 3039 546 3108 ad
561 3038 667 3109 aliam
682 3039 964 3132 tranquilliorem
973 3038 1083 3109 v'itam
1098 3061 1203 3106 mon·
1254 3050 1456 3128 appetentes
1471 3038 1611 3128 tragicis
1629 3039 1768 3110 casibus
1786 3039 1946 3131 oppressi
1963 3053 2066 3123 sunt,
2091 3034 2246 3107 utCras-

212 3154 311 3215 strat
361 3139 443 3211 Non
461 3162 542 3210 casu
565 3164 606 3210 cx
623 3133 780 3233 Pyrrhae
803 3140 917 3222 saxis,
944 3153 986 3211 ut
1014 3139 1054 3207 in
1072 3138 1202 3208 fabulis
1253 3161 1332 3221 sus,
1357 3135 1566 3229 Pompeius,
1585 3135 1782 3225 Antonius,
1810 3141 1920 3210 etalii
1937 3140 2052 3209 multi.
2103 3136 2244 3207 Horum

212 3245 361 3327 dicitur,
385 3241 459 3311 nati
479 3263 616 3324 sumus,
642 3242 704 3310 sed
720 3242 807 3311 deus
829 3265 895 3311 suo
912 3239 1062 3312 consilio
1076 3238 1202 3308 condi·
1253 3239 1492 3329 exemplorum
1509 3240 1713 3328 cognitioet
1729 3242 1963 3311 consideratio
1980 3241 2086 3310 ctiam
2102 3238 2245 3307 iuueni·

212 3346 267 3417 dit
288 3366 398 3436 genus
423 3338 638 3426 humanum,
663 3354 704 3411 ut
725 3357 936 3432 agnoscatur
957 3356 993 3412 et
1005 3340 1203 3412 celebretur
1254 3340 1320 3408 hus
1341 3342 1495 3429 prodest.
1549 3340 1709 3411 facienda
1733 3342 1828 3411 enim
1851 3355 1933 3413 sunt
1958 3340 2172 3435 tranquillae
2188 3356 2245 3409 s'e-

212 3448 298 3541 ipse.
348 3443 538 3514 Nonrecte
557 3441 667 3532 igitur
683 3437 918 3524 Silanionis,
942 3442 1117 3536 optimum
1133 3436 1201 3510 bo·
1253 3456 1373 3512 nactae
1399 3441 1633 3512 fundamenta
1667 3443 1752 3511 inde
1773 3467 1896 3535 'usque
1926 3445 1972 3512 ab
1999 3440 2244 3512 adolescentia.

210 3547 371 3621 minibus
390 3545 497 3615 fuisse
520 3567 593 3612 non
617 3542 724 3613 nasci.
773 3540 823 3615 Et
838 3567 1040 3638 quanquam
1056 3540 1201 3612 calami·
1253 3540 1374 3628 Quare
1395 3544 1559 3632 prodest,
1592 3538 1687 3613 hunc
1704 3532 1890 3613 Ciceronis
1912 3544 2074 3614 libellum
2095 3543 2183 3632 legi,
2209 3554 2245 3612 et

210 3663 299 3722 tates
325 3647 428 3715 nohis
451 3657 569 3714 nostra
587 3645 689 3734 culpa
710 3645 976 3726 accersivimus,
1002 3658 1121 3716 tamen
1135 3667 1200 3713 au·
1253 3655 1353 3711 tuum
1379 3642 1569 3711 consilium
1601 3666 1640 3713 ac
1662 3646 1838 3730 studium,
1870 3638 2063 3725 Ambrosi‚
2095 3665 2243 3731 magno-

209 3751 336 3822 xilium
359 3745 456 3818 Deus
476 3746 582 3815 nobis
610 3744 815 3837 pollicetur,
852 3770 917 3816 nec
942 3743 1100 3834 extingui
1122 3744 1201 3814 vult
1252 3743 1473 3832 pereproho.
1526 3740 1763 3814 Utilissimum
1785 3760 1834 3816 est
1857 3746 1973 3830 enim,
1993 3746 2079 3818 tales
2101 3744 2243 3814 libellos

210 3847 397 3923 bominum
415 3862 589 3916 naturam.
643 3845 741 3930 Vult,
767 3869 839 3915 esse
854 3862 972 3917 coetus
988 3846 1139 3940 aliquos,
1160 3845 1199 3914 in
1252 3845 1288 3911 iu
1311 3843 1477 3912 manibus
1499 3845 1740 3915 studiosorum
1768 3848 1908 3917 assidue
1937 3847 2080 3936 gestaru,
2113 3846 2180 3934 legi
2202 3834 2243 3914 ac

208 3953 340 4048 quihus
355 3949 399 4018 de
414 3946 484 4018 Dei
499 3947 681 4017 voluntate
695 3960 796 4017 sonet
810 3971 892 4017 vera
908 3947 1080 4017 doctrina.
1250 3945 1377 4028 edisci,
1410 3944 1493 4038 quia
1528 3958 1560 4014 et
1589 3946 1763 4040 loquendi
1789 3948 1961 4018 rationem
1988 3958 2243 4017 monstrantes

311 4049 434 4144 tuque
452 4061 595 4140 propter
617 4062 686 4118 tres
708 4071 830 4119 causas
849 4048 994 4142 aliquod
1010 4047 1103 4117 vitae
1119 4067 1199 4136 spa·
1251 4044 1609 4129 virtutisdoctrinam
1633 4049 1788 4122 tradunt.
1846 4046 1894 4119 Et
1916 4072 2025 4139 genus
2046 4045 2242 4117 enarmtio·

208 4154 300 4228 tium
317 4143 513 4244 optandum
538 4162 609 4232 est,
631 4149 813 4234 videlicet,
839 4163 881 4221 ut
895 4149 1094 4220 doctrinam
1116 4169 1199 4237 per·
1251 4147 1326 4230 nis,
1351 4147 1447 4239 quod
1470 4151 1513 4215 de
1534 4148 1712 4218 dialectica
1737 4151 1898 4220 rudiores
1919 4151 2106 4232 admouet,
2137 4148 2241 4217 adiu·

209 4256 401 4348 cipiamns,
428 4275 496 4346 qua
515 4273 588 4320 sese
613 4249 710 4322 Deus
730 4251 915 4344 patefecit,
947 4264 982 4322 ct
1003 4274 1071 4345 qua
1093 4245 1198 4316 uobis
1249 4264 1309 4319 vat
1322 4271 1397 4331 cos,
1422 4263 1461 4318 ut
1478 4249 1671 4318 sententias
1685 4251 1812 4320 ordine
1828 4251 1927 4343 quasi
1948 4251 2137 4342 explicatas
2156 4273 2241 4338 prn-

207 4355 444 4431 dulcissimam
458 4352 748 4423 consuetudinem
763 4376 863 4423 suam
877 4352 1069 4444 promittit3
1094 4347 1197 4448 dein·
1249 4348 1330 4438 pius
1351 4349 1531 4440 adspicere
1557 4351 1710 4440 possint,
1736 4366 1770 4422 et
1797 4352 1919 4421 videre
1925 4400 1939 4436 ,
1966 4375 2058 4444 quac
2080 4351 2239 4420 membra

208 4464 271 4543 dr,
294 4472 335 4529 ut
348 4455 580 4526 diuturnitate
597 4454 767 4544 temporis
789 4455 1017 4524 confirmetur
1037 4453 1075 4520 in
1092 4447 1196 4519 nobis
1249 4450 1493 4538 coniungenda
1519 4449 1607 4530 sint,
1635 4474 1724 4543 quac
1750 4449 1988 4523 distrahenda.
2035 4448 2161 4543 anue
2182 4451 2240 4518 di·

207 4559 275 4634 Dei
299 4546 452 4648 agniti03
486 4569 662 4646 postremo
686 4567 726 4625 ut
746 4555 824 4624 aliis
849 4555 1047 4625 doctrinam
1064 4553 1195 4642 imper·
1250 4551 1392 4640 ligantia
1417 4553 1531 4619 adfert
1559 4545 1650 4620 hanc
1683 4554 1945 4637 dexteritatem,
1977 4566 2018 4622 ut
2039 4551 2182 4643 propria
2201 4564 2240 4623 et

208 4664 348 4739 tiamus,
356 4659 452 4753 qnod
469 4658 555 4726 dum
571 4655 719 4725 facimus
735 4679 858 4745 magna
874 4655 1094 4747 suscipienda
1111 4665 1195 4722 sunt
1248 4654 1374 4720 melius
1388 4647 1611 4720 cohaerentia
1631 4650 1696 4741 ipsi
1714 4656 1907 4748 aliquando
1921 4654 2075 4742 scribere
2091 4651 2239 4742 possint.

208 4761 417 4845 certamina,
441 4758 553 4828 multa
577 4758 664 4826 dura
684 4758 839 4830 ferenda.
891 4754 1038 4827 Interim
1064 4753 1194 4827 etaliis
1246 4750 1343 4835 Beue
1359 4753 1446 4820 vale.
1497 4749 1551 4822 Ex
1570 4751 1774 4844 Viteherga,
1804 4755 2024 4827 16.Calcnd.
2042 4751 2170 4845 Aprili.

206 4864 330 4938 officiis
348 4861 418 4930 vita
435 4857 632 4928 communis
647 4857 800 4926 iuvanda
816 4872 885 4936 est,
910 4881 1001 4951 quac
1023 4858 1098 4926 sine
1118 4878 1193 4923 ma-

206 4968 284 5057 guis
306 4959 573 5035 diffinitoribus
596 4959 764 5048 praestari
783 4982 863 5026 non·
875 4972 1033 5049 possunt.
1085 4954 1193 5044 Quod

205 5071 315 5160 igitur
349 5064 470 5133 recitat
499 5053 730 5143 Athenaeus,
770 5053 973 5153 Gorgiam,
1017 5079 1192 5146 egressum
2202 5120 2218 5164 ρ

205 5192 318 5243 annos
333 5177 494 5247 centum,
520 5163 789 5250 interrogatum,
814 5185 881 5253 qua
900 5173 974 5231 arte
996 5183 1036 5229 ac
1055 5158 1192 5228 ratione
1253 5114 1464 5248 Q
1935 5128 1989 5189 ¹7.
2005 5122 2091 5183 blau.
2109 5119 2240 5203 ssas..)

192 5272 312 5343 ’sitam
334 5267 373 5335 iu
395 5289 472 5335 eam
492 5275 664 5333 senectam
685 5263 925 5356 produxisset,
958 5258 1193 5354 respondisse,
1364 5315 1398 5397 I
1431 5314 1474 5397 B
1681 5320 1688 5335 ,

189 5372 285 5468 quia
301 5363 396 5440 nihil
410 5365 555 5436 alterius
575 5386 675 5434 causa
693 5387 848 5458 uuquam
868 5364 1015 5437 fecisset.
1066 5359 1109 5432 Id
1131 5376 1193 5434 aut
1392 5377 1401 5395 ·
1474 5313 1789 5399 reffffme‘dem
1814 5312 2118 5419 (mmmm)-

190 5472 427 5544 nondictum
441 5489 515 5537 csse
531 5464 704 5551 existimo,
718 5479 779 5537 aut
794 5466 881 5536 falso
900 5465 1046 5537 dictum.
1080 5462 1191 5536 Multi
1329 5486 1413 5562 Epio.
1427 5487 1473 5546 ub,
1487 5489 1542 5557 vr,
1560 5465 1586 5559 ρ’,
1599 5490 1660 5545 289.
