<?xml version="1.0" encoding="UTF-8"?>
<!DOCTYPE html PUBLIC "-//W3C//DTD XHTML 1.0 Transitional//EN"
    "http://www.w3.org/TR/xhtml1/DTD/xhtml1-transitional.dtd">
<html xmlns="http://www.w3.org/1999/xhtml" xml:lang="en" lang="en">
 <head>
  <title>
</title>
<meta http-equiv="Content-Type" content="text/html;charset=utf-8" />
  <meta name='ocr-system' content='tesseract 3.04.00' />
  <meta name='ocr-capabilities' content='ocr_page ocr_carea ocr_par ocr_line ocrx_word'/>
</head>
<body>
  <div class='ocr_page' id='page_1' title='image "./philippimelanth13melagoog/philippimelanth13melagoog_0323.png"; bbox 0 0 4868 6420; ppageno 0'>
   <div class='ocr_carea' id='block_1_1' title="bbox 193 291 2225 458">
    <p class='ocr_par' dir='ltr' id='par_1_1' title="bbox 193 291 2225 458">
     <span class='ocr_line' id='line_1_1' title="bbox 193 291 2225 458; baseline -0 -38"><span class='ocrx_word' id='word_1_1' title='bbox 193 341 272 458; x_wconf 74' lang='lat' dir='ltr'>sss</span> <span class='ocrx_word' id='word_1_2' title='bbox 379 429 381 433; x_wconf 49' lang='grc'><strong>,</strong></span> <span class='ocrx_word' id='word_1_3' title='bbox 780 331 1221 416; x_wconf 61' lang='lat' dir='ltr'>ammonitrum</span> <span class='ocrx_word' id='word_1_4' title='bbox 1271 291 1655 419; x_wconf 68' lang='lat' dir='ltr'>mamista.</span> <span class='ocrx_word' id='word_1_5' title='bbox 2149 344 2225 421; x_wconf 76' lang='lat' dir='ltr'>an</span> 
     </span>
    </p>
   </div>
   <div class='ocr_carea' id='block_1_2' title="bbox 126 508 2412 4573">
    <p class='ocr_par' dir='ltr' id='par_1_2' title="bbox 195 508 2224 615">
     <span class='ocr_line' id='line_1_2' title="bbox 195 508 2224 615; baseline 0 -26"><span class='ocrx_word' id='word_1_6' title='bbox 195 514 397 589; x_wconf 88' lang='lat' dir='ltr'>ceremonia</span> <span class='ocrx_word' id='word_1_7' title='bbox 419 537 495 585; x_wconf 88' lang='lat' dir='ltr'>nou</span> <span class='ocrx_word' id='word_1_8' title='bbox 517 525 606 585; x_wconf 86' lang='lat' dir='ltr'>esset</span> <span class='ocrx_word' id='word_1_9' title='bbox 622 510 729 592; x_wconf 80' lang='lat' dir='ltr'>inane</span> <span class='ocrx_word' id='word_1_10' title='bbox 746 511 1000 606; x_wconf 67' lang='lat' dir='ltr'>spectaculum,</span> <span class='ocrx_word' id='word_1_11' title='bbox 1024 524 1066 584; x_wconf 90' lang='lat' dir='ltr'>ut</span> <span class='ocrx_word' id='word_1_12' title='bbox 1089 534 1186 583; x_wconf 93' lang='lat' dir='ltr'>nunc</span> <span class='ocrx_word' id='word_1_13' title='bbox 1236 510 1300 604; x_wconf 90' lang='lat' dir='ltr'>qui</span> <span class='ocrx_word' id='word_1_14' title='bbox 1328 512 1533 583; x_wconf 88' lang='lat' dir='ltr'>didicerunt</span> <span class='ocrx_word' id='word_1_15' title='bbox 1563 511 1762 584; x_wconf 89' lang='lat' dir='ltr'>doctrinam</span> <span class='ocrx_word' id='word_1_16' title='bbox 1791 508 1944 603; x_wconf 76' lang='lat' dir='ltr'>Christi,</span> <span class='ocrx_word' id='word_1_17' title='bbox 1977 539 2043 610; x_wconf 90' lang='lat' dir='ltr'>per</span> <span class='ocrx_word' id='word_1_18' title='bbox 2070 543 2224 615; x_wconf 89' lang='lat' dir='ltr'>quorum</span> 
     </span>
    </p>

    <p class='ocr_par' dir='ltr' id='par_1_3' title="bbox 194 613 2225 711">
     <span class='ocr_line' id='line_1_3' title="bbox 194 613 2225 711; baseline 0.001 -22"><span class='ocrx_word' id='word_1_19' title='bbox 194 613 456 711; x_wconf 89' lang='lat' dir='ltr'>Episcoporum</span> <span class='ocrx_word' id='word_1_20' title='bbox 472 616 563 687; x_wconf 89' lang='lat' dir='ltr'>ritus</span> <span class='ocrx_word' id='word_1_21' title='bbox 580 618 641 685; x_wconf 90' lang='lat' dir='ltr'>sed</span> <span class='ocrx_word' id='word_1_22' title='bbox 658 616 844 707; x_wconf 78' lang='lat' dir='ltr'>profutura</span> <span class='ocrx_word' id='word_1_23' title='bbox 859 628 949 687; x_wconf 89' lang='lat' dir='ltr'>essct</span> <span class='ocrx_word' id='word_1_24' title='bbox 962 615 1007 686; x_wconf 89' lang='lat' dir='ltr'>ad</span> <span class='ocrx_word' id='word_1_25' title='bbox 1027 615 1190 691; x_wconf 44' lang='lat' dir='ltr'>retinen·w</span> <span class='ocrx_word' id='word_1_26' title='bbox 1234 613 1454 685; x_wconf 86' lang='lat' dir='ltr'>functionem</span> <span class='ocrx_word' id='word_1_27' title='bbox 1477 614 1516 682; x_wconf 92' lang='lat' dir='ltr'>in</span> <span class='ocrx_word' id='word_1_28' title='bbox 1537 615 1698 684; x_wconf 89' lang='lat' dir='ltr'>docendo</span> <span class='ocrx_word' id='word_1_29' title='bbox 1721 628 1756 686; x_wconf 90' lang='lat' dir='ltr'>et</span> <span class='ocrx_word' id='word_1_30' title='bbox 1777 617 2084 690; x_wconf 78' lang='lat' dir='ltr'>administratione</span> <span class='ocrx_word' id='word_1_31' title='bbox 2099 620 2225 710; x_wconf 57' lang='lat' dir='ltr'>Sacraf</span> 
     </span>
    </p>

    <p class='ocr_par' dir='ltr' id='par_1_4' title="bbox 194 715 2224 809">
     <span class='ocr_line' id='line_1_4' title="bbox 194 715 2224 809; baseline 0 -17"><span class='ocrx_word' id='word_1_32' title='bbox 194 721 281 792; x_wconf 88' lang='lat' dir='ltr'>dam</span> <span class='ocrx_word' id='word_1_33' title='bbox 301 718 483 790; x_wconf 90' lang='lat' dir='ltr'>doctrinae</span> <span class='ocrx_word' id='word_1_34' title='bbox 507 719 698 809; x_wconf 91' lang='lat' dir='ltr'>puritatem</span> <span class='ocrx_word' id='word_1_35' title='bbox 728 731 764 787; x_wconf 89' lang='lat' dir='ltr'>et</span> <span class='ocrx_word' id='word_1_36' title='bbox 792 717 1082 809; x_wconf 76' lang='lat' dir='ltr'>propagationem</span> <span class='ocrx_word' id='word_1_37' title='bbox 1105 738 1187 787; x_wconf 88' lang='lat' dir='ltr'>sen·</span> <span class='ocrx_word' id='word_1_38' title='bbox 1234 728 1436 787; x_wconf 90' lang='lat' dir='ltr'>mentorum</span> <span class='ocrx_word' id='word_1_39' title='bbox 1446 739 1529 786; x_wconf 89' lang='lat' dir='ltr'>vere</span> <span class='ocrx_word' id='word_1_40' title='bbox 1546 718 1739 802; x_wconf 83' lang='lat' dir='ltr'>estelbcax,</span> <span class='ocrx_word' id='word_1_41' title='bbox 1753 731 1788 789; x_wconf 93' lang='lat' dir='ltr'>et</span> <span class='ocrx_word' id='word_1_42' title='bbox 1804 719 1888 790; x_wconf 85' lang='lat' dir='ltr'>facit</span> <span class='ocrx_word' id='word_1_43' title='bbox 1901 742 1968 790; x_wconf 92' lang='lat' dir='ltr'>nos</span> <span class='ocrx_word' id='word_1_44' title='bbox 1985 715 2152 792; x_wconf 90' lang='lat' dir='ltr'>haeredes</span> <span class='ocrx_word' id='word_1_45' title='bbox 2167 722 2224 791; x_wconf 88' lang='lat' dir='ltr'>vi-</span> 
     </span>
    </p>

    <p class='ocr_par' dir='ltr' id='par_1_5' title="bbox 195 815 2222 910">
     <span class='ocr_line' id='line_1_5' title="bbox 195 815 2222 910; baseline -0 -15"><span class='ocrx_word' id='word_1_46' title='bbox 195 822 329 895; x_wconf 84' lang='lat' dir='ltr'>tentiac</span> <span class='ocrx_word' id='word_1_47' title='bbox 349 818 616 894; x_wconf 77' lang='lat' dir='ltr'>Ecclesiasticus</span> <span class='ocrx_word' id='word_1_48' title='bbox 641 821 686 890; x_wconf 91' lang='lat' dir='ltr'>ad</span> <span class='ocrx_word' id='word_1_49' title='bbox 711 818 938 892; x_wconf 81' lang='lat' dir='ltr'>concordiam</span> <span class='ocrx_word' id='word_1_50' title='bbox 963 831 999 891; x_wconf 91' lang='lat' dir='ltr'>et</span> <span class='ocrx_word' id='word_1_51' title='bbox 1025 815 1187 910; x_wconf 89' lang='lat' dir='ltr'>discipli·</span> <span class='ocrx_word' id='word_1_52' title='bbox 1233 828 1289 887; x_wconf 91' lang='lat' dir='ltr'>tae</span> <span class='ocrx_word' id='word_1_53' title='bbox 1306 829 1485 904; x_wconf 83' lang='lat' dir='ltr'>aeternae,</span> <span class='ocrx_word' id='word_1_54' title='bbox 1506 818 1642 888; x_wconf 91' lang='lat' dir='ltr'>maiore</span> <span class='ocrx_word' id='word_1_55' title='bbox 1657 817 1840 909; x_wconf 84' lang='lat' dir='ltr'>diligentia</span> <span class='ocrx_word' id='word_1_56' title='bbox 1862 834 2043 903; x_wconf 89' lang='lat' dir='ltr'>curarent,</span> <span class='ocrx_word' id='word_1_57' title='bbox 2066 836 2107 894; x_wconf 92' lang='lat' dir='ltr'>ut</span> <span class='ocrx_word' id='word_1_58' title='bbox 2122 823 2222 893; x_wconf 88' lang='lat' dir='ltr'>ordi-</span> 
     </span>
    </p>

    <p class='ocr_par' dir='ltr' id='par_1_6' title="bbox 174 919 2294 3144">
     <span class='ocr_line' id='line_1_6' title="bbox 195 919 2221 1015; baseline 0.007 -34"><span class='ocrx_word' id='word_1_59' title='bbox 195 947 294 1002; x_wconf 67' lang='lat' dir='ltr'>nm,</span> <span class='ocrx_word' id='word_1_60' title='bbox 811 944 821 973; x_wconf 64' lang='grc' dir='ltr'><strong>ι</strong></span> <span class='ocrx_word' id='word_1_61' title='bbox 1232 920 1331 990; x_wconf 91' lang='lat' dir='ltr'>natio</span> <span class='ocrx_word' id='word_1_62' title='bbox 1352 919 1481 990; x_wconf 87' lang='lat' dir='ltr'>rectius</span> <span class='ocrx_word' id='word_1_63' title='bbox 1502 920 1830 1005; x_wconf 85' lang='lat' dir='ltr'>administraretur,</span> <span class='ocrx_word' id='word_1_64' title='bbox 1854 934 1889 993; x_wconf 91' lang='lat' dir='ltr'>et</span> <span class='ocrx_word' id='word_1_65' title='bbox 1908 945 1984 992; x_wconf 91' lang='lat' dir='ltr'>non</span> <span class='ocrx_word' id='word_1_66' title='bbox 2004 939 2142 1015; x_wconf 89' lang='lat' dir='ltr'>pareret</span> <span class='ocrx_word' id='word_1_67' title='bbox 2161 920 2221 996; x_wconf 88' lang='lat' dir='ltr'>bic</span> 
     </span>
     <span class='ocr_line' id='line_1_7' title="bbox 675 1018 2221 1117; baseline 0.007 -33"><span class='ocrx_word' id='word_1_68' title='bbox 675 1081 683 1102; x_wconf 71' lang='lat'>‚</span> <span class='ocrx_word' id='word_1_69' title='bbox 758 1080 766 1101; x_wconf 74' lang='grc'>,</span> <span class='ocrx_word' id='word_1_70' title='bbox 1232 1022 1361 1110; x_wconf 85' lang='lat' dir='ltr'>gradus</span> <span class='ocrx_word' id='word_1_71' title='bbox 1394 1021 1633 1092; x_wconf 87' lang='lat' dir='ltr'>sanctissimus</span> <span class='ocrx_word' id='word_1_72' title='bbox 1666 1018 1873 1094; x_wconf 89' lang='lat' dir='ltr'>hominibus</span> <span class='ocrx_word' id='word_1_73' title='bbox 1908 1047 2054 1117; x_wconf 89' lang='lat' dir='ltr'>prorsus</span> <span class='ocrx_word' id='word_1_74' title='bbox 2087 1026 2221 1117; x_wconf 88' lang='lat' dir='ltr'>ignaris</span> 
     </span>
     <span class='ocr_line' id='line_1_8' title="bbox 580 1075 2220 1220; baseline 0.007 -29"><span class='ocrx_word' id='word_1_75' title='bbox 580 1075 798 1156; x_wconf 59' lang='lat' dir='ltr'>Osdmalw&#39;</span> <span class='ocrx_word' id='word_1_76' title='bbox 1117 1201 1119 1205; x_wconf 17' lang='lat'><strong><em>¹</em></strong></span> <span class='ocrx_word' id='word_1_77' title='bbox 1231 1118 1435 1213; x_wconf 78' lang='lat' dir='ltr'>Evangelii,</span> <span class='ocrx_word' id='word_1_78' title='bbox 1460 1137 1520 1194; x_wconf 90' lang='lat' dir='ltr'>aut</span> <span class='ocrx_word' id='word_1_79' title='bbox 1545 1118 1725 1220; x_wconf 89' lang='lat' dir='ltr'>hostibus,</span> <span class='ocrx_word' id='word_1_80' title='bbox 1749 1137 1811 1194; x_wconf 90' lang='lat' dir='ltr'>aut</span> <span class='ocrx_word' id='word_1_81' title='bbox 1831 1122 2048 1216; x_wconf 90' lang='lat' dir='ltr'>Epicuraeis.</span> <span class='ocrx_word' id='word_1_82' title='bbox 2097 1127 2220 1220; x_wconf 90' lang='lat' dir='ltr'>Popu-</span> 
     </span>
     <span class='ocr_line' id='line_1_9' title="bbox 294 1217 2294 1333; baseline 0.003 -38"><span class='ocrx_word' id='word_1_83' title='bbox 294 1217 375 1295; x_wconf 87' lang='lat' dir='ltr'>Etsi</span> <span class='ocrx_word' id='word_1_84' title='bbox 398 1236 518 1316; x_wconf 90' lang='lat' dir='ltr'>postea</span> <span class='ocrx_word' id='word_1_85' title='bbox 538 1223 583 1293; x_wconf 93' lang='lat' dir='ltr'>de</span> <span class='ocrx_word' id='word_1_86' title='bbox 605 1221 833 1293; x_wconf 87' lang='lat' dir='ltr'>ordinatione</span> <span class='ocrx_word' id='word_1_87' title='bbox 852 1243 976 1292; x_wconf 89' lang='lat' dir='ltr'>rursus</span> <span class='ocrx_word' id='word_1_88' title='bbox 992 1220 1185 1292; x_wconf 87' lang='lat' dir='ltr'>dicendum</span> <span class='ocrx_word' id='word_1_89' title='bbox 1231 1222 1288 1293; x_wconf 89' lang='lat' dir='ltr'>lus</span> <span class='ocrx_word' id='word_1_90' title='bbox 1304 1226 1409 1294; x_wconf 86' lang='lat' dir='ltr'>etiam</span> <span class='ocrx_word' id='word_1_91' title='bbox 1423 1227 1467 1294; x_wconf 92' lang='lat' dir='ltr'>de</span> <span class='ocrx_word' id='word_1_92' title='bbox 1481 1225 1671 1296; x_wconf 84' lang='lat' dir='ltr'>ministerii</span> <span class='ocrx_word' id='word_1_93' title='bbox 1692 1220 1957 1317; x_wconf 64' lang='lat' dir='ltr'>iEvangelici&#39;&#39;</span> <span class='ocrx_word' id='word_1_94' title='bbox 1977 1228 2158 1318; x_wconf 78' lang='lat' dir='ltr'>dignitate,</span> <span class='ocrx_word' id='word_1_95' title='bbox 2184 1243 2219 1301; x_wconf 90' lang='lat' dir='ltr'>et</span> <span class='ocrx_word' id='word_1_96' title='bbox 2262 1284 2294 1333; x_wconf 43' lang='lat' dir='ltr'>x</span> 
     </span>
     <span class='ocr_line' id='line_1_10' title="bbox 195 1320 2218 1420; baseline 0.001 -22"><span class='ocrx_word' id='word_1_97' title='bbox 195 1339 248 1398; x_wconf 87' lang='lat' dir='ltr'>est</span> <span class='ocrx_word' id='word_1_98' title='bbox 269 1325 310 1396; x_wconf 92' lang='lat' dir='ltr'>in</span> <span class='ocrx_word' id='word_1_99' title='bbox 330 1349 370 1396; x_wconf 90' lang='lat' dir='ltr'>ea</span> <span class='ocrx_word' id='word_1_100' title='bbox 385 1340 503 1419; x_wconf 90' lang='lat' dir='ltr'>parte,</span> <span class='ocrx_word' id='word_1_101' title='bbox 528 1326 568 1396; x_wconf 87' lang='lat' dir='ltr'>in</span> <span class='ocrx_word' id='word_1_102' title='bbox 588 1349 658 1419; x_wconf 87' lang='lat' dir='ltr'>qua</span> <span class='ocrx_word' id='word_1_103' title='bbox 674 1327 717 1393; x_wconf 93' lang='lat' dir='ltr'>de</span> <span class='ocrx_word' id='word_1_104' title='bbox 738 1325 912 1394; x_wconf 89' lang='lat' dir='ltr'>servando</span> <span class='ocrx_word' id='word_1_105' title='bbox 922 1320 962 1419; x_wconf 79' lang='lat'>¹³)</span> <span class='ocrx_word' id='word_1_106' title='bbox 984 1322 1183 1392; x_wconf 88' lang='lat' dir='ltr'>ministerio</span> <span class='ocrx_word' id='word_1_107' title='bbox 1231 1326 1276 1395; x_wconf 90' lang='lat' dir='ltr'>de</span> <span class='ocrx_word' id='word_1_108' title='bbox 1295 1326 1520 1396; x_wconf 85' lang='lat' dir='ltr'>ordinatione</span> <span class='ocrx_word' id='word_1_109' title='bbox 1543 1328 1725 1397; x_wconf 90' lang='lat' dir='ltr'>docendus</span> <span class='ocrx_word' id='word_1_110' title='bbox 1755 1339 1824 1408; x_wconf 89' lang='lat' dir='ltr'>est,</span> <span class='ocrx_word' id='word_1_111' title='bbox 1856 1341 1897 1399; x_wconf 92' lang='lat' dir='ltr'>ut</span> <span class='ocrx_word' id='word_1_112' title='bbox 1917 1322 1987 1399; x_wconf 89' lang='lat' dir='ltr'>hoc</span> <span class='ocrx_word' id='word_1_113' title='bbox 2008 1330 2134 1420; x_wconf 88' lang='lat' dir='ltr'>ingens</span> <span class='ocrx_word' id='word_1_114' title='bbox 2153 1332 2218 1401; x_wconf 89' lang='lat' dir='ltr'>be-</span> 
     </span>
     <span class='ocr_line' id='line_1_11' title="bbox 174 1420 2217 1524; baseline 0 -21"><span class='ocrx_word' id='word_1_115' title='bbox 174 1423 382 1521; x_wconf 81' lang='lat' dir='ltr'>·Evangelii</span> <span class='ocrx_word' id='word_1_116' title='bbox 409 1428 563 1498; x_wconf 87' lang='lat' dir='ltr'>dicetur:</span> <span class='ocrx_word' id='word_1_117' title='bbox 601 1441 721 1497; x_wconf 89' lang='lat' dir='ltr'>tamen</span> <span class='ocrx_word' id='word_1_118' title='bbox 756 1420 832 1495; x_wconf 81' lang='lat' dir='ltr'>bic.</span> <span class='ocrx_word' id='word_1_119' title='bbox 851 1427 1083 1497; x_wconf 79' lang='lat' dir='ltr'>necessariam</span> <span class='ocrx_word' id='word_1_120' title='bbox 1117 1424 1184 1493; x_wconf 88' lang='lat' dir='ltr'>ad·</span> <span class='ocrx_word' id='word_1_121' title='bbox 1231 1427 1395 1498; x_wconf 77' lang='lat' dir='ltr'>nescium</span> <span class='ocrx_word' id='word_1_122' title='bbox 1421 1426 1488 1497; x_wconf 87' lang='lat' dir='ltr'>Dei</span> <span class='ocrx_word' id='word_1_123' title='bbox 1511 1428 1710 1518; x_wconf 86' lang='lat' dir='ltr'>intelligere</span> <span class='ocrx_word' id='word_1_124' title='bbox 1731 1427 1843 1498; x_wconf 87' lang='lat' dir='ltr'>discat</span> <span class='ocrx_word' id='word_1_125' title='bbox 1865 1426 1980 1524; x_wconf 90' lang='lat' dir='ltr'>(quod</span> <span class='ocrx_word' id='word_1_126' title='bbox 2001 1427 2098 1522; x_wconf 89' lang='lat' dir='ltr'>Deus</span> <span class='ocrx_word' id='word_1_127' title='bbox 2121 1446 2217 1503; x_wconf 92' lang='lat' dir='ltr'>certo</span> 
     </span>
     <span class='ocr_line' id='line_1_12' title="bbox 194 1524 2218 1630; baseline 0.001 -29"><span class='ocrx_word' id='word_1_128' title='bbox 194 1530 428 1602; x_wconf 90' lang='lat' dir='ltr'>monitionem</span> <span class='ocrx_word' id='word_1_129' title='bbox 460 1529 616 1599; x_wconf 87' lang='lat' dir='ltr'>breviter</span> <span class='ocrx_word' id='word_1_130' title='bbox 647 1528 873 1597; x_wconf 78' lang='lat' dir='ltr'>inserendam</span> <span class='ocrx_word' id='word_1_131' title='bbox 904 1549 977 1597; x_wconf 86' lang='lat' dir='ltr'>esse</span> <span class='ocrx_word' id='word_1_132' title='bbox 1007 1526 1184 1596; x_wconf 81' lang='lat' dir='ltr'>duximus.</span> <span class='ocrx_word' id='word_1_133' title='bbox 1230 1551 1293 1620; x_wconf 90' lang='lat' dir='ltr'>per</span> <span class='ocrx_word' id='word_1_134' title='bbox 1313 1525 1379 1600; x_wconf 88' lang='lat' dir='ltr'>bos</span> <span class='ocrx_word' id='word_1_135' title='bbox 1401 1541 1561 1615; x_wconf 88' lang='lat' dir='ltr'>vocatos,</span> <span class='ocrx_word' id='word_1_136' title='bbox 1585 1543 1620 1600; x_wconf 87' lang='lat' dir='ltr'>ct</span> <span class='ocrx_word' id='word_1_137' title='bbox 1644 1524 1734 1599; x_wconf 90' lang='lat' dir='ltr'>hanc</span> <span class='ocrx_word' id='word_1_138' title='bbox 1761 1530 1981 1602; x_wconf 84' lang='lat' dir='ltr'>functionem</span> <span class='ocrx_word' id='word_1_139' title='bbox 2003 1533 2124 1604; x_wconf 85' lang='lat' dir='ltr'>efficax</span> <span class='ocrx_word' id='word_1_140' title='bbox 2143 1533 2218 1630; x_wconf 82' lang='lat' dir='ltr'>est)</span> 
     </span>
     <span class='ocr_line' id='line_1_13' title="bbox 194 1624 2217 1722; baseline 0 -18"><span class='ocrx_word' id='word_1_141' title='bbox 194 1630 329 1722; x_wconf 87' lang='lat' dir='ltr'>Magna</span> <span class='ocrx_word' id='word_1_142' title='bbox 352 1654 407 1700; x_wconf 89' lang='lat' dir='ltr'>res</span> <span class='ocrx_word' id='word_1_143' title='bbox 430 1643 482 1700; x_wconf 88' lang='lat' dir='ltr'>est</span> <span class='ocrx_word' id='word_1_144' title='bbox 499 1644 534 1704; x_wconf 88' lang='lat' dir='ltr'>et</span> <span class='ocrx_word' id='word_1_145' title='bbox 557 1630 751 1700; x_wconf 87' lang='lat' dir='ltr'>necessaria</span> <span class='ocrx_word' id='word_1_146' title='bbox 765 1624 962 1713; x_wconf 83' lang='lat' dir='ltr'>Ecclesiae,</span> <span class='ocrx_word' id='word_1_147' title='bbox 989 1651 1072 1698; x_wconf 91' lang='lat' dir='ltr'>cura</span> <span class='ocrx_word' id='word_1_148' title='bbox 1089 1639 1183 1697; x_wconf 86' lang='lat' dir='ltr'>recte</span> <span class='ocrx_word' id='word_1_149' title='bbox 1230 1630 1401 1722; x_wconf 78' lang='lat' dir='ltr'>etipsum</span> <span class='ocrx_word' id='word_1_150' title='bbox 1427 1629 1665 1701; x_wconf 89' lang='lat' dir='ltr'>ministerium</span> <span class='ocrx_word' id='word_1_151' title='bbox 1687 1627 1862 1720; x_wconf 83' lang='lat' dir='ltr'>†magis”</span> <span class='ocrx_word' id='word_1_152' title='bbox 1887 1645 2001 1715; x_wconf 89' lang='lat' dir='ltr'>amet,</span> <span class='ocrx_word' id='word_1_153' title='bbox 2026 1648 2061 1706; x_wconf 90' lang='lat' dir='ltr'>et</span> <span class='ocrx_word' id='word_1_154' title='bbox 2082 1635 2217 1706; x_wconf 89' lang='lat' dir='ltr'>maiore</span> 
     </span>
     <span class='ocr_line' id='line_1_14' title="bbox 191 1727 2218 1831; baseline 0.002 -27"><span class='ocrx_word' id='word_1_155' title='bbox 191 1733 407 1831; x_wconf 55' lang='lat' dir='ltr'>nomadas</span> <span class='ocrx_word' id='word_1_156' title='bbox 423 1732 671 1805; x_wconf 85' lang='lat' dir='ltr'>ordinationis.</span> <span class='ocrx_word' id='word_1_157' title='bbox 720 1727 798 1809; x_wconf 79' lang='lat' dir='ltr'>Etsi</span> <span class='ocrx_word' id='word_1_158' title='bbox 814 1731 909 1800; x_wconf 92' lang='lat' dir='ltr'>enim</span> <span class='ocrx_word' id='word_1_159' title='bbox 926 1727 1022 1800; x_wconf 90' lang='lat' dir='ltr'>Deus</span> <span class='ocrx_word' id='word_1_160' title='bbox 1037 1729 1183 1820; x_wconf 91' lang='lat' dir='ltr'>propria</span> <span class='ocrx_word' id='word_1_161' title='bbox 1229 1756 1314 1803; x_wconf 92' lang='lat' dir='ltr'>cura</span> <span class='ocrx_word' id='word_1_162' title='bbox 1330 1756 1468 1811; x_wconf 89' lang='lat' dir='ltr'>servare</span> <span class='ocrx_word' id='word_1_163' title='bbox 1483 1733 1637 1803; x_wconf 86' lang='lat' dir='ltr'>studeat:</span> <span class='ocrx_word' id='word_1_164' title='bbox 1664 1733 1753 1803; x_wconf 90' lang='lat' dir='ltr'>sicut</span> <span class='ocrx_word' id='word_1_165' title='bbox 1767 1732 1900 1823; x_wconf 89' lang='lat' dir='ltr'>singuli</span> <span class='ocrx_word' id='word_1_166' title='bbox 1913 1757 1978 1804; x_wconf 89' lang='lat' dir='ltr'>suo</span> <span class='ocrx_word' id='word_1_167' title='bbox 1991 1736 2073 1806; x_wconf 92' lang='lat' dir='ltr'>loco</span> <span class='ocrx_word' id='word_1_168' title='bbox 2086 1737 2218 1808; x_wconf 88' lang='lat' dir='ltr'>debent</span> 
     </span>
     <span class='ocr_line' id='line_1_15' title="bbox 194 1828 2227 1926; baseline 0 -20"><span class='ocrx_word' id='word_1_169' title='bbox 194 1858 259 1906; x_wconf 90' lang='lat' dir='ltr'>soa</span> <span class='ocrx_word' id='word_1_170' title='bbox 272 1835 429 1926; x_wconf 91' lang='lat' dir='ltr'>potentia</span> <span class='ocrx_word' id='word_1_171' title='bbox 444 1847 479 1904; x_wconf 92' lang='lat' dir='ltr'>et</span> <span class='ocrx_word' id='word_1_172' title='bbox 491 1832 748 1924; x_wconf 87' lang='lat' dir='ltr'>gubernatione</span> <span class='ocrx_word' id='word_1_173' title='bbox 761 1831 997 1902; x_wconf 88' lang='lat' dir='ltr'>ministerium</span> <span class='ocrx_word' id='word_1_174' title='bbox 1018 1829 1183 1920; x_wconf 83' lang='lat' dir='ltr'>Evange-</span> <span class='ocrx_word' id='word_1_175' title='bbox 1230 1855 1378 1919; x_wconf 87' lang='lat' dir='ltr'>ornare,</span> <span class='ocrx_word' id='word_1_176' title='bbox 1402 1846 1436 1903; x_wconf 90' lang='lat' dir='ltr'>et</span> <span class='ocrx_word' id='word_1_177' title='bbox 1451 1835 1543 1904; x_wconf 88' lang='lat' dir='ltr'>tueri</span> <span class='ocrx_word' id='word_1_178' title='bbox 1557 1828 1625 1903; x_wconf 93' lang='lat' dir='ltr'>hoc</span> <span class='ocrx_word' id='word_1_179' title='bbox 1640 1832 1876 1905; x_wconf 88' lang='lat' dir='ltr'>ministerium</span> <span class='ocrx_word' id='word_1_180' title='bbox 1892 1849 1986 1906; x_wconf 88' lang='lat' dir='ltr'>recte</span> <span class='ocrx_word' id='word_1_181' title='bbox 2001 1829 2227 1925; x_wconf 85' lang='lat' dir='ltr'>docentium,</span> 
     </span>
     <span class='ocr_line' id='line_1_16' title="bbox 192 1929 2215 2033; baseline 0.001 -26"><span class='ocrx_word' id='word_1_182' title='bbox 192 1936 304 2007; x_wconf 91' lang='lat' dir='ltr'>licum</span> <span class='ocrx_word' id='word_1_183' title='bbox 319 1949 456 2025; x_wconf 81' lang='lat' dir='ltr'>servat,</span> <span class='ocrx_word' id='word_1_184' title='bbox 478 1948 513 2006; x_wconf 87' lang='lat' dir='ltr'>et</span> <span class='ocrx_word' id='word_1_185' title='bbox 533 1935 659 2021; x_wconf 79' lang='lat' dir='ltr'>excitat</span> <span class='ocrx_word' id='word_1_186' title='bbox 680 1935 754 2025; x_wconf 90' lang='lat' dir='ltr'>ipse</span> <span class='ocrx_word' id='word_1_187' title='bbox 771 1947 927 2024; x_wconf 90' lang='lat' dir='ltr'>pastores</span> <span class='ocrx_word' id='word_1_188' title='bbox 947 1929 1181 2023; x_wconf 85' lang='lat' dir='ltr'>etDoctores,</span> <span class='ocrx_word' id='word_1_189' title='bbox 1228 1936 1320 2008; x_wconf 86' lang='lat' dir='ltr'>sicut</span> <span class='ocrx_word' id='word_1_190' title='bbox 1350 1958 1452 2026; x_wconf 81' lang='lat' dir='ltr'>saepe</span> <span class='ocrx_word' id='word_1_191' title='bbox 1481 1935 1653 2025; x_wconf 89' lang='lat' dir='ltr'>scriptum</span> <span class='ocrx_word' id='word_1_192' title='bbox 1681 1948 1733 2006; x_wconf 86' lang='lat' dir='ltr'>est</span> <span class='ocrx_word' id='word_1_193' title='bbox 1761 1932 1839 2016; x_wconf 69' lang='lat' dir='ltr'>&#39;set</span> <span class='ocrx_word' id='word_1_194' title='bbox 1863 1931 2028 2009; x_wconf 90' lang='lat' dir='ltr'>Christus</span> <span class='ocrx_word' id='word_1_195' title='bbox 2056 1937 2215 2033; x_wconf 83' lang='lat' dir='ltr'>inquit&#39;&#39;:</span> 
     </span>
     <span class='ocr_line' id='line_1_17' title="bbox 192 2027 1815 2133; baseline -0.005 -22"><span class='ocrx_word' id='word_1_196' title='bbox 192 2038 338 2111; x_wconf 79' lang='lat' dir='ltr'>etfacit</span> <span class='ocrx_word' id='word_1_197' title='bbox 362 2039 529 2122; x_wconf 90' lang='lat' dir='ltr'>idoneos,</span> <span class='ocrx_word' id='word_1_198' title='bbox 553 2050 595 2108; x_wconf 89' lang='lat' dir='ltr'>nt</span> <span class='ocrx_word' id='word_1_199' title='bbox 616 2029 748 2128; x_wconf 91' lang='lat' dir='ltr'>Ephes.</span> <span class='ocrx_word' id='word_1_200' title='bbox 769 2034 806 2106; x_wconf 84' lang='lat'>4.</span> <span class='ocrx_word' id='word_1_201' title='bbox 830 2035 1001 2126; x_wconf 90' lang='lat' dir='ltr'>scriptum</span> <span class='ocrx_word' id='word_1_202' title='bbox 1026 2027 1094 2104; x_wconf 82' lang='lat' dir='ltr'>est:</span> <span class='ocrx_word' id='word_1_203' title='bbox 1126 2047 1182 2104; x_wconf 87' lang='lat' dir='ltr'>ta·</span> <span class='ocrx_word' id='word_1_204' title='bbox 1228 2030 1309 2132; x_wconf 83' lang='lat' dir='ltr'>Qui</span> <span class='ocrx_word' id='word_1_205' title='bbox 1322 2060 1382 2106; x_wconf 86' lang='lat' dir='ltr'>vos</span> <span class='ocrx_word' id='word_1_206' title='bbox 1398 2035 1556 2133; x_wconf 81' lang='lat' dir='ltr'>spernit,</span> <span class='ocrx_word' id='word_1_207' title='bbox 1581 2059 1637 2123; x_wconf 80' lang='lat' dir='ltr'>me</span> <span class='ocrx_word' id='word_1_208' title='bbox 1651 2033 1815 2133; x_wconf 67' lang='lat' dir='ltr'>spernat.</span> 
     </span>
     <span class='ocr_line' id='line_1_18' title="bbox 191 2135 2217 2235; baseline 0.001 -25"><span class='ocrx_word' id='word_1_209' title='bbox 191 2163 276 2210; x_wconf 89' lang='lat' dir='ltr'>men</span> <span class='ocrx_word' id='word_1_210' title='bbox 291 2154 327 2211; x_wconf 90' lang='lat' dir='ltr'>et</span> <span class='ocrx_word' id='word_1_211' title='bbox 340 2153 414 2211; x_wconf 90' lang='lat' dir='ltr'>tota</span> <span class='ocrx_word' id='word_1_212' title='bbox 422 2136 592 2223; x_wconf 81' lang='lat' dir='ltr'>Ecclesia,</span> <span class='ocrx_word' id='word_1_213' title='bbox 606 2152 641 2209; x_wconf 90' lang='lat' dir='ltr'>et</span> <span class='ocrx_word' id='word_1_214' title='bbox 656 2137 807 2206; x_wconf 86' lang='lat' dir='ltr'>maxime</span> <span class='ocrx_word' id='word_1_215' title='bbox 820 2136 1009 2227; x_wconf 87' lang='lat' dir='ltr'>praecipua</span> <span class='ocrx_word' id='word_1_216' title='bbox 1021 2135 1182 2205; x_wconf 88' lang='lat' dir='ltr'>membra</span> <span class='ocrx_word' id='word_1_217' title='bbox 1327 2137 1414 2208; x_wconf 91' lang='lat' dir='ltr'>Noti</span> <span class='ocrx_word' id='word_1_218' title='bbox 1443 2151 1527 2209; x_wconf 84' lang='lat' dir='ltr'>sunt</span> <span class='ocrx_word' id='word_1_219' title='bbox 1555 2152 1674 2209; x_wconf 87' lang='lat' dir='ltr'>autem</span> <span class='ocrx_word' id='word_1_220' title='bbox 1704 2138 1881 2209; x_wconf 79' lang='lat' dir='ltr'>manifesti</span> <span class='ocrx_word' id='word_1_221' title='bbox 1904 2139 2052 2225; x_wconf 86' lang='lat' dir='ltr'>abusus,</span> <span class='ocrx_word' id='word_1_222' title='bbox 2085 2142 2217 2235; x_wconf 88' lang='lat' dir='ltr'>quibus</span> 
     </span>
     <span class='ocr_line' id='line_1_19' title="bbox 191 2231 2218 2336; baseline -0 -21"><span class='ocrx_word' id='word_1_223' title='bbox 191 2239 372 2315; x_wconf 85' lang='lat' dir='ltr'>Ecclesiae</span> <span class='ocrx_word' id='word_1_224' title='bbox 387 2242 492 2312; x_wconf 88' lang='lat' dir='ltr'>etiam</span> <span class='ocrx_word' id='word_1_225' title='bbox 514 2263 619 2311; x_wconf 89' lang='lat' dir='ltr'>suum</span> <span class='ocrx_word' id='word_1_226' title='bbox 641 2238 797 2309; x_wconf 89' lang='lat' dir='ltr'>studium</span> <span class='ocrx_word' id='word_1_227' title='bbox 815 2251 850 2307; x_wconf 88' lang='lat' dir='ltr'>et</span> <span class='ocrx_word' id='word_1_228' title='bbox 865 2261 1009 2329; x_wconf 91' lang='lat' dir='ltr'>operam</span> <span class='ocrx_word' id='word_1_229' title='bbox 1026 2238 1071 2306; x_wconf 91' lang='lat' dir='ltr'>ad</span> <span class='ocrx_word' id='word_1_230' title='bbox 1089 2231 1182 2306; x_wconf 87' lang='lat' dir='ltr'>hanc</span> <span class='ocrx_word' id='word_1_231' title='bbox 1227 2241 1405 2310; x_wconf 90' lang='lat' dir='ltr'>ordinatio</span> <span class='ocrx_word' id='word_1_232' title='bbox 1421 2239 1545 2310; x_wconf 90' lang='lat' dir='ltr'>multis</span> <span class='ocrx_word' id='word_1_233' title='bbox 1557 2239 1628 2309; x_wconf 88' lang='lat' dir='ltr'>iam</span> <span class='ocrx_word' id='word_1_234' title='bbox 1643 2240 1769 2311; x_wconf 90' lang='lat' dir='ltr'>seculis</span> <span class='ocrx_word' id='word_1_235' title='bbox 1780 2240 1964 2333; x_wconf 85' lang='lat' dir='ltr'>polluitur.</span> <span class='ocrx_word' id='word_1_236' title='bbox 2014 2237 2120 2313; x_wconf 89' lang='lat' dir='ltr'>Valet</span> <span class='ocrx_word' id='word_1_237' title='bbox 2135 2268 2218 2336; x_wconf 87' lang='lat' dir='ltr'>per-</span> 
     </span>
     <span class='ocr_line' id='line_1_20' title="bbox 192 2338 2215 2438; baseline 0 -24"><span class='ocrx_word' id='word_1_238' title='bbox 192 2367 269 2415; x_wconf 91' lang='lat' dir='ltr'>rem</span> <span class='ocrx_word' id='word_1_239' title='bbox 292 2345 452 2413; x_wconf 88' lang='lat' dir='ltr'>conferre</span> <span class='ocrx_word' id='word_1_240' title='bbox 479 2343 630 2425; x_wconf 91' lang='lat' dir='ltr'>debent,</span> <span class='ocrx_word' id='word_1_241' title='bbox 660 2352 702 2409; x_wconf 93' lang='lat' dir='ltr'>ut</span> <span class='ocrx_word' id='word_1_242' title='bbox 722 2352 975 2429; x_wconf 87' lang='lat' dir='ltr'>praeparentur</span> <span class='ocrx_word' id='word_1_243' title='bbox 1004 2338 1111 2407; x_wconf 92' lang='lat' dir='ltr'>multi</span> <span class='ocrx_word' id='word_1_244' title='bbox 1134 2338 1180 2407; x_wconf 88' lang='lat' dir='ltr'>ad</span> <span class='ocrx_word' id='word_1_245' title='bbox 1227 2341 1362 2427; x_wconf 88' lang='lat' dir='ltr'>suasio,</span> <span class='ocrx_word' id='word_1_246' title='bbox 1387 2343 1583 2412; x_wconf 83' lang='lat' dir='ltr'>sacerdotes</span> <span class='ocrx_word' id='word_1_247' title='bbox 1599 2342 1758 2411; x_wconf 90' lang='lat' dir='ltr'>ordinari</span> <span class='ocrx_word' id='word_1_248' title='bbox 1772 2355 1918 2435; x_wconf 90' lang='lat' dir='ltr'>propter</span> <span class='ocrx_word' id='word_1_249' title='bbox 1932 2338 1972 2438; x_wconf 76' lang='lat'>¹&#39;)</span> <span class='ocrx_word' id='word_1_250' title='bbox 1995 2343 2215 2431; x_wconf 83' lang='lat' dir='ltr'>sacrificium,</span> 
     </span>
     <span class='ocr_line' id='line_1_21' title="bbox 193 2437 2214 2538; baseline 0 -22"><span class='ocrx_word' id='word_1_251' title='bbox 193 2467 325 2516; x_wconf 87' lang='lat' dir='ltr'>munus</span> <span class='ocrx_word' id='word_1_252' title='bbox 347 2445 520 2528; x_wconf 91' lang='lat' dir='ltr'>docendi,</span> <span class='ocrx_word' id='word_1_253' title='bbox 550 2457 585 2513; x_wconf 89' lang='lat' dir='ltr'>et</span> <span class='ocrx_word' id='word_1_254' title='bbox 606 2454 648 2511; x_wconf 93' lang='lat' dir='ltr'>ut</span> <span class='ocrx_word' id='word_1_255' title='bbox 672 2440 829 2510; x_wconf 87' lang='lat' dir='ltr'>instituti</span> <span class='ocrx_word' id='word_1_256' title='bbox 856 2465 895 2511; x_wconf 92' lang='lat' dir='ltr'>ac</span> <span class='ocrx_word' id='word_1_257' title='bbox 920 2439 1024 2510; x_wconf 85' lang='lat' dir='ltr'>certis</span> <span class='ocrx_word' id='word_1_258' title='bbox 1052 2439 1179 2509; x_wconf 91' lang='lat' dir='ltr'>locisa</span> <span class='ocrx_word' id='word_1_259' title='bbox 1227 2466 1301 2511; x_wconf 90' lang='lat' dir='ltr'>non</span> <span class='ocrx_word' id='word_1_260' title='bbox 1323 2445 1475 2512; x_wconf 90' lang='lat' dir='ltr'>docendi</span> <span class='ocrx_word' id='word_1_261' title='bbox 1498 2441 1687 2533; x_wconf 87' lang='lat' dir='ltr'>Evangelii</span> <span class='ocrx_word' id='word_1_262' title='bbox 1714 2467 1847 2515; x_wconf 87' lang='lat' dir='ltr'>caussa.</span> <span class='ocrx_word' id='word_1_263' title='bbox 1895 2439 1945 2514; x_wconf 87' lang='lat' dir='ltr'>Et</span> <span class='ocrx_word' id='word_1_264' title='bbox 1975 2437 2062 2514; x_wconf 90' lang='lat' dir='ltr'>haec</span> <span class='ocrx_word' id='word_1_265' title='bbox 2090 2447 2214 2538; x_wconf 89' lang='lat' dir='ltr'>opinio</span> 
     </span>
     <span class='ocr_line' id='line_1_22' title="bbox 190 2541 2216 2637; baseline 0 -17"><span class='ocrx_word' id='word_1_266' title='bbox 190 2547 305 2620; x_wconf 88' lang='lat' dir='ltr'>doctis</span> <span class='ocrx_word' id='word_1_267' title='bbox 339 2545 639 2617; x_wconf 79' lang='lat' dir='ltr'>examinatoribus</span> <span class='ocrx_word' id='word_1_268' title='bbox 671 2541 843 2633; x_wconf 79' lang='lat' dir='ltr'>explorati</span> <span class='ocrx_word' id='word_1_269' title='bbox 871 2541 1105 2611; x_wconf 87' lang='lat' dir='ltr'>admittantur</span> <span class='ocrx_word' id='word_1_270' title='bbox 1134 2541 1180 2610; x_wconf 92' lang='lat' dir='ltr'>ad</span> <span class='ocrx_word' id='word_1_271' title='bbox 1228 2545 1325 2615; x_wconf 83' lang='lat' dir='ltr'>auxit</span> <span class='ocrx_word' id='word_1_272' title='bbox 1345 2551 1535 2616; x_wconf 87' lang='lat' dir='ltr'>numerum</span> <span class='ocrx_word' id='word_1_273' title='bbox 1556 2545 1849 2617; x_wconf 87' lang='lat' dir='ltr'>sacrificulorum:</span> <span class='ocrx_word' id='word_1_274' title='bbox 1884 2542 1980 2633; x_wconf 89' lang='lat' dir='ltr'>Quia</span> <span class='ocrx_word' id='word_1_275' title='bbox 1999 2551 2127 2637; x_wconf 91' lang='lat' dir='ltr'>putant</span> <span class='ocrx_word' id='word_1_276' title='bbox 2148 2544 2216 2622; x_wconf 90' lang='lat' dir='ltr'>ho·</span> 
     </span>
     <span class='ocr_line' id='line_1_23' title="bbox 189 2642 2217 2738; baseline -0 -15"><span class='ocrx_word' id='word_1_277' title='bbox 189 2649 448 2732; x_wconf 85' lang='lat' dir='ltr'>ministerium,</span> <span class='ocrx_word' id='word_1_278' title='bbox 471 2658 532 2717; x_wconf 93' lang='lat' dir='ltr'>aut</span> <span class='ocrx_word' id='word_1_279' title='bbox 548 2644 766 2716; x_wconf 87' lang='lat' dir='ltr'>reiiciantur.</span> <span class='ocrx_word' id='word_1_280' title='bbox 857 2690 864 2706; x_wconf 67' lang='lat'>.</span> <span class='ocrx_word' id='word_1_281' title='bbox 1227 2648 1358 2737; x_wconf 85' lang='lat' dir='ltr'>mines,</span> <span class='ocrx_word' id='word_1_282' title='bbox 1384 2647 1564 2717; x_wconf 89' lang='lat' dir='ltr'>cumulare</span> <span class='ocrx_word' id='word_1_283' title='bbox 1579 2642 1664 2716; x_wconf 89' lang='lat' dir='ltr'>haec</span> <span class='ocrx_word' id='word_1_284' title='bbox 1678 2646 1864 2732; x_wconf 83' lang='lat' dir='ltr'>sacrificia,</span> <span class='ocrx_word' id='word_1_285' title='bbox 1888 2647 2117 2738; x_wconf 88' lang='lat' dir='ltr'>praecipuum</span> <span class='ocrx_word' id='word_1_286' title='bbox 2139 2652 2217 2722; x_wconf 91' lang='lat' dir='ltr'>cul-</span> 
     </span>
     <span class='ocr_line' id='line_1_24' title="bbox 293 2738 2215 2841; baseline 0.002 -23"><span class='ocrx_word' id='word_1_287' title='bbox 293 2748 363 2819; x_wconf 88' lang='lat' dir='ltr'>Hic</span> <span class='ocrx_word' id='word_1_288' title='bbox 376 2750 479 2818; x_wconf 89' lang='lat' dir='ltr'>labor</span> <span class='ocrx_word' id='word_1_289' title='bbox 488 2748 677 2833; x_wconf 82' lang='lat' dir='ltr'>mandatus</span> <span class='ocrx_word' id='word_1_290' title='bbox 690 2745 760 2815; x_wconf 79' lang='lat' dir='ltr'>tuis</span> <span class='ocrx_word' id='word_1_291' title='bbox 774 2742 861 2812; x_wconf 90' lang='lat' dir='ltr'>olim</span> <span class='ocrx_word' id='word_1_292' title='bbox 875 2738 1072 2834; x_wconf 86' lang='lat' dir='ltr'>Episcopis.</span> <span class='ocrx_word' id='word_1_293' title='bbox 1108 2740 1179 2813; x_wconf 88' lang='lat' dir='ltr'>Sed</span> <span class='ocrx_word' id='word_1_294' title='bbox 1228 2761 1304 2816; x_wconf 86' lang='lat' dir='ltr'>tum</span> <span class='ocrx_word' id='word_1_295' title='bbox 1324 2746 1393 2819; x_wconf 92' lang='lat' dir='ltr'>Dei</span> <span class='ocrx_word' id='word_1_296' title='bbox 1417 2770 1501 2820; x_wconf 89' lang='lat' dir='ltr'>esse.</span> <span class='ocrx_word' id='word_1_297' title='bbox 1557 2745 1678 2835; x_wconf 84' lang='lat' dir='ltr'>Quare</span> <span class='ocrx_word' id='word_1_298' title='bbox 1701 2747 1747 2833; x_wconf 92' lang='lat' dir='ltr'>ii,</span> <span class='ocrx_word' id='word_1_299' title='bbox 1779 2747 1843 2841; x_wconf 90' lang='lat' dir='ltr'>qui</span> <span class='ocrx_word' id='word_1_300' title='bbox 1867 2747 2087 2817; x_wconf 89' lang='lat' dir='ltr'>ordinationi</span> <span class='ocrx_word' id='word_1_301' title='bbox 2112 2774 2215 2841; x_wconf 90' lang='lat' dir='ltr'>prae-</span> 
     </span>
     <span class='ocr_line' id='line_1_25' title="bbox 191 2843 2215 2946; baseline -0 -24"><span class='ocrx_word' id='word_1_302' title='bbox 191 2851 340 2946; x_wconf 89' lang='lat' dir='ltr'>plurimi</span> <span class='ocrx_word' id='word_1_303' title='bbox 363 2851 427 2920; x_wconf 93' lang='lat' dir='ltr'>diu</span> <span class='ocrx_word' id='word_1_304' title='bbox 451 2850 523 2920; x_wconf 85' lang='lat' dir='ltr'>iam</span> <span class='ocrx_word' id='word_1_305' title='bbox 544 2871 706 2936; x_wconf 87' lang='lat' dir='ltr'>magnam</span> <span class='ocrx_word' id='word_1_306' title='bbox 720 2845 902 2915; x_wconf 90' lang='lat' dir='ltr'>saevitiam</span> <span class='ocrx_word' id='word_1_307' title='bbox 923 2857 1086 2914; x_wconf 87' lang='lat' dir='ltr'>exercent</span> <span class='ocrx_word' id='word_1_308' title='bbox 1106 2843 1179 2913; x_wconf 88' lang='lat' dir='ltr'>imo</span> <span class='ocrx_word' id='word_1_309' title='bbox 1227 2849 1390 2934; x_wconf 84' lang='lat' dir='ltr'>fuerunt,</span> <span class='ocrx_word' id='word_1_310' title='bbox 1430 2848 1650 2919; x_wconf 89' lang='lat' dir='ltr'>admiserunt</span> <span class='ocrx_word' id='word_1_311' title='bbox 1685 2847 1849 2932; x_wconf 91' lang='lat' dir='ltr'>indoctos</span> <span class='ocrx_word' id='word_1_312' title='bbox 1881 2846 1959 2923; x_wconf 79' lang='lat' dir='ltr'>sine</span> <span class='ocrx_word' id='word_1_313' title='bbox 1999 2848 2215 2940; x_wconf 86' lang='lat' dir='ltr'>discrimine,</span> 
     </span>
     <span class='ocr_line' id='line_1_26' title="bbox 192 2946 2216 3043; baseline -0.001 -17"><span class='ocrx_word' id='word_1_314' title='bbox 192 2967 288 3026; x_wconf 84' lang='lat' dir='ltr'>recte</span> <span class='ocrx_word' id='word_1_315' title='bbox 310 2953 493 3037; x_wconf 88' lang='lat' dir='ltr'>docentes,</span> <span class='ocrx_word' id='word_1_316' title='bbox 515 2964 552 3021; x_wconf 91' lang='lat' dir='ltr'>et</span> <span class='ocrx_word' id='word_1_317' title='bbox 575 2972 650 3019; x_wconf 91' lang='lat' dir='ltr'>non</span> <span class='ocrx_word' id='word_1_318' title='bbox 672 2949 787 3017; x_wconf 92' lang='lat' dir='ltr'>solum</span> <span class='ocrx_word' id='word_1_319' title='bbox 809 2946 985 3016; x_wconf 87' lang='lat' dir='ltr'>dioeceses</span> <span class='ocrx_word' id='word_1_320' title='bbox 1006 2967 1084 3015; x_wconf 86' lang='lat' dir='ltr'>suas</span> <span class='ocrx_word' id='word_1_321' title='bbox 1104 2968 1180 3014; x_wconf 91' lang='lat' dir='ltr'>non</span> <span class='ocrx_word' id='word_1_322' title='bbox 1227 2974 1309 3034; x_wconf 89' lang='lat' dir='ltr'>cum</span> <span class='ocrx_word' id='word_1_323' title='bbox 1333 2950 1401 3021; x_wconf 88' lang='lat' dir='ltr'>soli</span> <span class='ocrx_word' id='word_1_324' title='bbox 1420 2950 1476 3026; x_wconf 89' lang='lat' dir='ltr'>illi</span> <span class='ocrx_word' id='word_1_325' title='bbox 1497 2949 1646 3021; x_wconf 84' lang='lat' dir='ltr'>fuissent</span> <span class='ocrx_word' id='word_1_326' title='bbox 1660 2949 1889 3031; x_wconf 90' lang='lat' dir='ltr'>admittendi,</span> <span class='ocrx_word' id='word_1_327' title='bbox 1914 2947 1977 3043; x_wconf 91' lang='lat' dir='ltr'>qui</span> <span class='ocrx_word' id='word_1_328' title='bbox 1989 2951 2216 3024; x_wconf 86' lang='lat' dir='ltr'>mediocriter</span> 
     </span>
     <span class='ocr_line' id='line_1_27' title="bbox 192 3044 2045 3144; baseline -0.003 -18"><span class='ocrx_word' id='word_1_329' title='bbox 192 3068 334 3142; x_wconf 87' lang='lat' dir='ltr'>curant,</span> <span class='ocrx_word' id='word_1_330' title='bbox 358 3055 481 3124; x_wconf 89' lang='lat' dir='ltr'>sedne</span> <span class='ocrx_word' id='word_1_331' title='bbox 497 3075 640 3123; x_wconf 91' lang='lat' dir='ltr'>suarum</span> <span class='ocrx_word' id='word_1_332' title='bbox 657 3050 801 3144; x_wconf 88' lang='lat' dir='ltr'>quidem</span> <span class='ocrx_word' id='word_1_333' title='bbox 816 3048 995 3117; x_wconf 90' lang='lat' dir='ltr'>ditionum</span> <span class='ocrx_word' id='word_1_334' title='bbox 1011 3044 1180 3117; x_wconf 87' lang='lat' dir='ltr'>Ecclesiis</span> <span class='ocrx_word' id='word_1_335' title='bbox 1227 3052 1353 3122; x_wconf 87' lang='lat' dir='ltr'>docere</span> <span class='ocrx_word' id='word_1_336' title='bbox 1366 3052 1539 3144; x_wconf 91' lang='lat' dir='ltr'>populum</span> <span class='ocrx_word' id='word_1_337' title='bbox 1554 3053 1598 3120; x_wconf 88' lang='lat' dir='ltr'>de</span> <span class='ocrx_word' id='word_1_338' title='bbox 1612 3052 1874 3142; x_wconf 17' lang='lat' dir='ltr'>veragdoctrina</span> <span class='ocrx_word' id='word_1_339' title='bbox 1889 3066 2045 3144; x_wconf 90' lang='lat' dir='ltr'>possent.</span> 
     </span>
    </p>

    <p class='ocr_par' dir='ltr' id='par_1_7' title="bbox 126 3144 2236 3451">
     <span class='ocr_line' id='line_1_28' title="bbox 126 3144 2215 3253; baseline -0.001 -24"><span class='ocrx_word' id='word_1_340' title='bbox 126 3162 134 3172; x_wconf 83' lang='grc'><em>“</em></span> <span class='ocrx_word' id='word_1_341' title='bbox 191 3171 351 3253; x_wconf 85' lang='lat' dir='ltr'>pastores</span> <span class='ocrx_word' id='word_1_342' title='bbox 380 3155 608 3249; x_wconf 86' lang='lat' dir='ltr'>praeficiunt,</span> <span class='ocrx_word' id='word_1_343' title='bbox 632 3165 667 3222; x_wconf 90' lang='lat' dir='ltr'>et</span> <span class='ocrx_word' id='word_1_344' title='bbox 693 3175 783 3243; x_wconf 88' lang='lat' dir='ltr'>pene</span> <span class='ocrx_word' id='word_1_345' title='bbox 804 3144 975 3218; x_wconf 88' lang='lat' dir='ltr'>Ethnicas</span> <span class='ocrx_word' id='word_1_346' title='bbox 1000 3149 1179 3220; x_wconf 82' lang='lat' dir='ltr'>vastitates</span> <span class='ocrx_word' id='word_1_347' title='bbox 1235 3222 1241 3229; x_wconf 85' lang='grc'>,</span> <span class='ocrx_word' id='word_1_348' title='bbox 1326 3152 1447 3224; x_wconf 87' lang='lat' dir='ltr'>Iamsi</span> <span class='ocrx_word' id='word_1_349' title='bbox 1463 3153 1652 3223; x_wconf 89' lang='lat' dir='ltr'>concordia</span> <span class='ocrx_word' id='word_1_350' title='bbox 1669 3153 1912 3222; x_wconf 89' lang='lat' dir='ltr'>constituenda</span> <span class='ocrx_word' id='word_1_351' title='bbox 1929 3165 1991 3237; x_wconf 89' lang='lat' dir='ltr'>est,</span> <span class='ocrx_word' id='word_1_352' title='bbox 2016 3151 2215 3248; x_wconf 89' lang='lat' dir='ltr'>etEpisco-</span> 
     </span>
     <span class='ocr_line' id='line_1_29' title="bbox 194 3245 2236 3354; baseline -0 -24"><span class='ocrx_word' id='word_1_353' title='bbox 194 3259 363 3330; x_wconf 77' lang='lat' dir='ltr'>efficiunt.</span> <span class='ocrx_word' id='word_1_354' title='bbox 422 3254 507 3327; x_wconf 90' lang='lat' dir='ltr'>Ideo</span> <span class='ocrx_word' id='word_1_355' title='bbox 526 3276 665 3324; x_wconf 87' lang='lat' dir='ltr'>necesse</span> <span class='ocrx_word' id='word_1_356' title='bbox 685 3266 737 3323; x_wconf 88' lang='lat' dir='ltr'>est</span> <span class='ocrx_word' id='word_1_357' title='bbox 758 3251 967 3354; x_wconf 56' lang='lat' dir='ltr'>deliberari,</span> <span class='ocrx_word' id='word_1_358' title='bbox 999 3250 1179 3344; x_wconf 90' lang='lat' dir='ltr'>quomodo</span> <span class='ocrx_word' id='word_1_359' title='bbox 1225 3255 1282 3346; x_wconf 89' lang='lat' dir='ltr'>pis</span> <span class='ocrx_word' id='word_1_360' title='bbox 1301 3255 1581 3326; x_wconf 85' lang='lat' dir='ltr'>commendanda</span> <span class='ocrx_word' id='word_1_361' title='bbox 1604 3253 1840 3323; x_wconf 87' lang='lat' dir='ltr'>ordinationis</span> <span class='ocrx_word' id='word_1_362' title='bbox 1859 3255 2048 3340; x_wconf 89' lang='lat' dir='ltr'>autoritas,</span> <span class='ocrx_word' id='word_1_363' title='bbox 2073 3245 2236 3329; x_wconf 37' lang='lat' dir='ltr'>necesse*</span> 
     </span>
     <span class='ocr_line' id='line_1_30' title="bbox 190 3353 2215 3451; baseline -0.001 -19"><span class='ocrx_word' id='word_1_364' title='bbox 190 3365 377 3435; x_wconf 88' lang='lat' dir='ltr'>universae</span> <span class='ocrx_word' id='word_1_365' title='bbox 393 3355 573 3429; x_wconf 85' lang='lat' dir='ltr'>Ecclesiae</span> <span class='ocrx_word' id='word_1_366' title='bbox 587 3354 843 3425; x_wconf 89' lang='lat' dir='ltr'>consulendum</span> <span class='ocrx_word' id='word_1_367' title='bbox 859 3353 915 3424; x_wconf 83' lang='lat' dir='ltr'>sit.</span> <span class='ocrx_word' id='word_1_368' title='bbox 1227 3370 1280 3448; x_wconf 85' lang='lat' dir='ltr'>est</span> <span class='ocrx_word' id='word_1_369' title='bbox 1294 3359 1393 3451; x_wconf 90' lang='lat' dir='ltr'>prius</span> <span class='ocrx_word' id='word_1_370' title='bbox 1407 3355 1589 3426; x_wconf 88' lang='lat' dir='ltr'>doctrinae</span> <span class='ocrx_word' id='word_1_371' title='bbox 1607 3377 1816 3424; x_wconf 91' lang='lat' dir='ltr'>consensum</span> <span class='ocrx_word' id='word_1_372' title='bbox 1831 3379 1921 3441; x_wconf 89' lang='lat' dir='ltr'>esse,</span> <span class='ocrx_word' id='word_1_373' title='bbox 1945 3369 1986 3427; x_wconf 93' lang='lat' dir='ltr'>ut</span> <span class='ocrx_word' id='word_1_374' title='bbox 2000 3357 2133 3431; x_wconf 91' lang='lat' dir='ltr'>dictum</span> <span class='ocrx_word' id='word_1_375' title='bbox 2152 3374 2215 3436; x_wconf 89' lang='lat' dir='ltr'>est.</span> 
     </span>
    </p>

    <p class='ocr_par' dir='ltr' id='par_1_8' title="bbox 191 3451 2412 4462">
     <span class='ocr_line' id='line_1_31' title="bbox 292 3451 2412 3553; baseline -0.003 -17"><span class='ocrx_word' id='word_1_376' title='bbox 292 3460 371 3538; x_wconf 83' lang='lat' dir='ltr'>Etsi</span> <span class='ocrx_word' id='word_1_377' title='bbox 383 3457 571 3553; x_wconf 90' lang='lat' dir='ltr'>Episcopis</span> <span class='ocrx_word' id='word_1_378' title='bbox 584 3456 755 3553; x_wconf 76' lang='lat' dir='ltr'>autoritas</span> <span class='ocrx_word' id='word_1_379' title='bbox 767 3451 1004 3524; x_wconf 83' lang='lat' dir='ltr'>ordinationis</span> <span class='ocrx_word' id='word_1_380' title='bbox 1017 3451 1181 3522; x_wconf 75' lang='lat' dir='ltr'>tribuen·</span> <span class='ocrx_word' id='word_1_381' title='bbox 1226 3456 1367 3530; x_wconf 89' lang='lat' dir='ltr'>Deinde</span> <span class='ocrx_word' id='word_1_382' title='bbox 1382 3474 1417 3530; x_wconf 90' lang='lat' dir='ltr'>et</span> <span class='ocrx_word' id='word_1_383' title='bbox 1434 3458 1599 3526; x_wconf 88' lang='lat' dir='ltr'>mandata</span> <span class='ocrx_word' id='word_1_384' title='bbox 1622 3456 1858 3526; x_wconf 86' lang='lat' dir='ltr'>ordinationis</span> <span class='ocrx_word' id='word_1_385' title='bbox 1878 3458 2007 3527; x_wconf 89' lang='lat' dir='ltr'>dentur</span> <span class='ocrx_word' id='word_1_386' title='bbox 2021 3460 2066 3529; x_wconf 92' lang='lat' dir='ltr'>de</span> <span class='ocrx_word' id='word_1_387' title='bbox 2083 3461 2215 3530; x_wconf 89' lang='lat' dir='ltr'>docen-</span> <span class='ocrx_word' id='word_1_388' title='bbox 2337 3515 2338 3519; x_wconf 63' lang='lat'>,</span> <span class='ocrx_word' id='word_1_389' title='bbox 2410 3451 2412 3459; x_wconf 45' lang='lat'>.</span> 
     </span>
     <span class='ocr_line' id='line_1_32' title="bbox 192 3553 2216 3651; baseline -0.004 -12"><span class='ocrx_word' id='word_1_390' title='bbox 192 3567 239 3640; x_wconf 90' lang='lat' dir='ltr'>da</span> <span class='ocrx_word' id='word_1_391' title='bbox 261 3576 334 3651; x_wconf 86' lang='lat' dir='ltr'>est,</span> <span class='ocrx_word' id='word_1_392' title='bbox 358 3585 498 3635; x_wconf 87' lang='lat' dir='ltr'>necesse</span> <span class='ocrx_word' id='word_1_393' title='bbox 521 3572 575 3630; x_wconf 89' lang='lat' dir='ltr'>est</span> <span class='ocrx_word' id='word_1_394' title='bbox 593 3570 635 3628; x_wconf 92' lang='lat' dir='ltr'>ut</span> <span class='ocrx_word' id='word_1_395' title='bbox 653 3580 752 3627; x_wconf 90' lang='lat' dir='ltr'>snam</span> <span class='ocrx_word' id='word_1_396' title='bbox 779 3567 934 3624; x_wconf 91' lang='lat' dir='ltr'>mentem</span> <span class='ocrx_word' id='word_1_397' title='bbox 957 3553 1001 3623; x_wconf 88' lang='lat' dir='ltr'>de</span> <span class='ocrx_word' id='word_1_398' title='bbox 1019 3553 1180 3623; x_wconf 90' lang='lat' dir='ltr'>doctrina</span> <span class='ocrx_word' id='word_1_399' title='bbox 1227 3561 1275 3629; x_wconf 93' lang='lat' dir='ltr'>do</span> <span class='ocrx_word' id='word_1_400' title='bbox 1289 3559 1503 3649; x_wconf 86' lang='lat' dir='ltr'>Evangelio,</span> <span class='ocrx_word' id='word_1_401' title='bbox 1526 3569 1560 3627; x_wconf 89' lang='lat' dir='ltr'>et</span> <span class='ocrx_word' id='word_1_402' title='bbox 1573 3557 1881 3627; x_wconf 86' lang='lat' dir='ltr'>administratione</span> <span class='ocrx_word' id='word_1_403' title='bbox 1896 3557 2216 3648; x_wconf 80' lang='lat' dir='ltr'>sacramentorum,</span> 
     </span>
     <span class='ocr_line' id='line_1_33' title="bbox 194 3649 2215 3750; baseline -0.002 -12"><span class='ocrx_word' id='word_1_404' title='bbox 194 3667 384 3740; x_wconf 81' lang='lat' dir='ltr'>declarent.</span> <span class='ocrx_word' id='word_1_405' title='bbox 433 3662 525 3734; x_wconf 88' lang='lat' dir='ltr'>Nam</span> <span class='ocrx_word' id='word_1_406' title='bbox 543 3660 575 3730; x_wconf 88' lang='lat' dir='ltr'>si</span> <span class='ocrx_word' id='word_1_407' title='bbox 598 3671 704 3731; x_wconf 90' lang='lat' dir='ltr'>erunt</span> <span class='ocrx_word' id='word_1_408' title='bbox 720 3670 760 3733; x_wconf 79' lang='lat' dir='ltr'>,et</span> <span class='ocrx_word' id='word_1_409' title='bbox 780 3655 976 3724; x_wconf 74' lang='lat' dir='ltr'>manebunt</span> <span class='ocrx_word' id='word_1_410' title='bbox 992 3649 1182 3743; x_wconf 72' lang='lat' dir='ltr'>Evangelii</span> <span class='ocrx_word' id='word_1_411' title='bbox 1227 3684 1303 3729; x_wconf 90' lang='lat' dir='ltr'>non</span> <span class='ocrx_word' id='word_1_412' title='bbox 1328 3663 1371 3729; x_wconf 87' lang='lat' dir='ltr'>de</span> <span class='ocrx_word' id='word_1_413' title='bbox 1395 3659 1475 3729; x_wconf 91' lang='lat' dir='ltr'>aliis</span> <span class='ocrx_word' id='word_1_414' title='bbox 1495 3657 1679 3750; x_wconf 89' lang='lat' dir='ltr'>operibus,</span> <span class='ocrx_word' id='word_1_415' title='bbox 1703 3670 1744 3728; x_wconf 93' lang='lat' dir='ltr'>ut</span> <span class='ocrx_word' id='word_1_416' title='bbox 1765 3658 1961 3728; x_wconf 89' lang='lat' dir='ltr'>sacrilicent</span> <span class='ocrx_word' id='word_1_417' title='bbox 1980 3683 2046 3750; x_wconf 93' lang='lat' dir='ltr'>pro</span> <span class='ocrx_word' id='word_1_418' title='bbox 2069 3661 2161 3731; x_wconf 86' lang='lat' dir='ltr'>vivis</span> <span class='ocrx_word' id='word_1_419' title='bbox 2180 3677 2215 3735; x_wconf 89' lang='lat' dir='ltr'>et</span> 
     </span>
     <span class='ocr_line' id='line_1_34' title="bbox 193 3753 2215 3855; baseline -0.004 -13"><span class='ocrx_word' id='word_1_420' title='bbox 193 3766 334 3855; x_wconf 84' lang='lat' dir='ltr'>hostes,</span> <span class='ocrx_word' id='word_1_421' title='bbox 356 3788 422 3836; x_wconf 87' lang='lat' dir='ltr'>nec</span> <span class='ocrx_word' id='word_1_422' title='bbox 441 3764 565 3834; x_wconf 85' lang='lat' dir='ltr'>volent</span> <span class='ocrx_word' id='word_1_423' title='bbox 582 3761 678 3831; x_wconf 75' lang='lat' dir='ltr'>ullos</span> <span class='ocrx_word' id='word_1_424' title='bbox 699 3759 744 3828; x_wconf 80' lang='lat' dir='ltr'>nd</span> <span class='ocrx_word' id='word_1_425' title='bbox 768 3755 1028 3827; x_wconf 73' lang='lat' dir='ltr'>ordinationem</span> <span class='ocrx_word' id='word_1_426' title='bbox 1052 3753 1182 3823; x_wconf 74' lang='lat' dir='ltr'>admit·</span> <span class='ocrx_word' id='word_1_427' title='bbox 1227 3763 1390 3834; x_wconf 88' lang='lat' dir='ltr'>mortuis.</span> <span class='ocrx_word' id='word_1_428' title='bbox 1428 3759 1501 3830; x_wconf 88' lang='lat' dir='ltr'>Nec</span> <span class='ocrx_word' id='word_1_429' title='bbox 1517 3759 1717 3830; x_wconf 87' lang='lat' dir='ltr'>onerandae</span> <span class='ocrx_word' id='word_1_430' title='bbox 1732 3760 2084 3833; x_wconf 87' lang='lat' dir='ltr'>eruntconscientiae</span> <span class='ocrx_word' id='word_1_431' title='bbox 2104 3763 2215 3855; x_wconf 89' lang='lat' dir='ltr'>impia</span> 
     </span>
     <span class='ocr_line' id='line_1_35' title="bbox 192 3856 2216 3957; baseline -0.004 -12"><span class='ocrx_word' id='word_1_432' title='bbox 192 3886 286 3957; x_wconf 87' lang='lat' dir='ltr'>tere,</span> <span class='ocrx_word' id='word_1_433' title='bbox 310 3869 387 3940; x_wconf 89' lang='lat' dir='ltr'>sine</span> <span class='ocrx_word' id='word_1_434' title='bbox 402 3864 617 3954; x_wconf 87' lang='lat' dir='ltr'>obligatione</span> <span class='ocrx_word' id='word_1_435' title='bbox 632 3861 677 3930; x_wconf 94' lang='lat' dir='ltr'>ad</span> <span class='ocrx_word' id='word_1_436' title='bbox 692 3858 838 3951; x_wconf 88' lang='lat' dir='ltr'>impiam</span> <span class='ocrx_word' id='word_1_437' title='bbox 852 3857 1063 3940; x_wconf 88' lang='lat' dir='ltr'>doctrinam,</span> <span class='ocrx_word' id='word_1_438' title='bbox 1086 3856 1180 3925; x_wconf 89' lang='lat' dir='ltr'>etad</span> <span class='ocrx_word' id='word_1_439' title='bbox 1227 3865 1303 3953; x_wconf 85' lang='lat' dir='ltr'>lege</span> <span class='ocrx_word' id='word_1_440' title='bbox 1314 3863 1536 3946; x_wconf 78' lang='lat' dir='ltr'>coelibatus,</span> <span class='ocrx_word' id='word_1_441' title='bbox 1561 3885 1651 3954; x_wconf 88' lang='lat' dir='ltr'>quae</span> <span class='ocrx_word' id='word_1_442' title='bbox 1670 3860 1837 3930; x_wconf 90' lang='lat' dir='ltr'>omnibus</span> <span class='ocrx_word' id='word_1_443' title='bbox 1854 3863 2074 3953; x_wconf 87' lang='lat' dir='ltr'>temporibus</span> <span class='ocrx_word' id='word_1_444' title='bbox 2096 3888 2216 3956; x_wconf 85' lang='lat' dir='ltr'>caussa</span> 
     </span>
     <span class='ocr_line' id='line_1_36' title="bbox 194 3956 2217 4059; baseline -0.011 -14"><span class='ocrx_word' id='word_1_445' title='bbox 194 3973 382 4047; x_wconf 89' lang='lat' dir='ltr'>delendam</span> <span class='ocrx_word' id='word_1_446' title='bbox 400 3968 601 4047; x_wconf 89' lang='lat' dir='ltr'>veritatem,</span> <span class='ocrx_word' id='word_1_447' title='bbox 625 3985 700 4032; x_wconf 91' lang='lat' dir='ltr'>non</span> <span class='ocrx_word' id='word_1_448' title='bbox 722 3959 854 4052; x_wconf 90' lang='lat' dir='ltr'>poterit</span> <span class='ocrx_word' id='word_1_449' title='bbox 868 3960 914 4028; x_wconf 91' lang='lat' dir='ltr'>ab</span> <span class='ocrx_word' id='word_1_450' title='bbox 930 3958 980 4027; x_wconf 89' lang='lat' dir='ltr'>eis</span> <span class='ocrx_word' id='word_1_451' title='bbox 1002 3956 1180 4027; x_wconf 89' lang='lat' dir='ltr'>ordinatio</span> <span class='ocrx_word' id='word_1_452' title='bbox 1226 3966 1296 4035; x_wconf 81' lang='lat' dir='ltr'>fuit</span> <span class='ocrx_word' id='word_1_453' title='bbox 1310 3965 1506 4035; x_wconf 74' lang='lat' dir='ltr'>multorum</span> <span class='ocrx_word' id='word_1_454' title='bbox 1526 3962 1807 4034; x_wconf 71' lang='lat' dir='ltr'>tristissimomm</span> <span class='ocrx_word' id='word_1_455' title='bbox 1822 3961 2011 4048; x_wconf 75' lang='lat' dir='ltr'>scelerum,</span> <span class='ocrx_word' id='word_1_456' title='bbox 2040 3977 2075 4034; x_wconf 69' lang='lat' dir='ltr'>et</span> <span class='ocrx_word' id='word_1_457' title='bbox 2091 3989 2217 4059; x_wconf 64' lang='lat' dir='ltr'>perpe.</span> 
     </span>
     <span class='ocr_line' id='line_1_37' title="bbox 191 4057 2217 4172; baseline -0.004 -25"><span class='ocrx_word' id='word_1_458' title='bbox 191 4073 280 4172; x_wconf 86' lang='lat' dir='ltr'>peti.</span> <span class='ocrx_word' id='word_1_459' title='bbox 331 4070 402 4144; x_wconf 88' lang='lat' dir='ltr'>Sed</span> <span class='ocrx_word' id='word_1_460' title='bbox 422 4069 453 4139; x_wconf 91' lang='lat' dir='ltr'>si</span> <span class='ocrx_word' id='word_1_461' title='bbox 470 4090 590 4137; x_wconf 90' lang='lat' dir='ltr'>veram</span> <span class='ocrx_word' id='word_1_462' title='bbox 608 4062 824 4146; x_wconf 59' lang='lat' dir='ltr'>doctrinM,</span> <span class='ocrx_word' id='word_1_463' title='bbox 848 4057 1011 4149; x_wconf 79' lang='lat' dir='ltr'>amplecti</span> <span class='ocrx_word' id='word_1_464' title='bbox 1033 4071 1068 4128; x_wconf 81' lang='lat' dir='ltr'>et</span> <span class='ocrx_word' id='word_1_465' title='bbox 1089 4058 1182 4128; x_wconf 79' lang='lat' dir='ltr'>tneri</span> <span class='ocrx_word' id='word_1_466' title='bbox 1228 4067 1283 4136; x_wconf 90' lang='lat' dir='ltr'>tui</span> <span class='ocrx_word' id='word_1_467' title='bbox 1295 4057 1393 4138; x_wconf 82' lang='lat' dir='ltr'>exitii</span> <span class='ocrx_word' id='word_1_468' title='bbox 1407 4064 1530 4136; x_wconf 91' lang='lat' dir='ltr'>multis</span> <span class='ocrx_word' id='word_1_469' title='bbox 1541 4059 1759 4134; x_wconf 85' lang='lat' dir='ltr'>bominibus.</span> <span class='ocrx_word' id='word_1_470' title='bbox 1797 4059 1845 4132; x_wconf 91' lang='lat' dir='ltr'>Et</span> <span class='ocrx_word' id='word_1_471' title='bbox 1859 4064 1898 4131; x_wconf 91' lang='lat' dir='ltr'>in</span> <span class='ocrx_word' id='word_1_472' title='bbox 1916 4065 2083 4135; x_wconf 88' lang='lat' dir='ltr'>universo</span> <span class='ocrx_word' id='word_1_473' title='bbox 2100 4089 2217 4138; x_wconf 89' lang='lat' dir='ltr'>sacer·</span> 
     </span>
     <span class='ocr_line' id='line_1_38' title="bbox 192 4160 2217 4261; baseline -0.005 -13"><span class='ocrx_word' id='word_1_474' title='bbox 192 4179 346 4261; x_wconf 81' lang='lat' dir='ltr'>vellent,</span> <span class='ocrx_word' id='word_1_475' title='bbox 375 4185 411 4242; x_wconf 82' lang='lat' dir='ltr'>et</span> <span class='ocrx_word' id='word_1_476' title='bbox 430 4169 569 4239; x_wconf 69' lang='lat' dir='ltr'>idoneis</span> <span class='ocrx_word' id='word_1_477' title='bbox 592 4163 798 4236; x_wconf 78' lang='lat' dir='ltr'>hominibn⁸</span> <span class='ocrx_word' id='word_1_478' title='bbox 825 4183 971 4230; x_wconf 64' lang='lat' dir='ltr'>examen</span> <span class='ocrx_word' id='word_1_479' title='bbox 995 4181 1183 4228; x_wconf 65' lang='lat' dir='ltr'>wmmen·</span> <span class='ocrx_word' id='word_1_480' title='bbox 1230 4171 1354 4239; x_wconf 90' lang='lat' dir='ltr'>dotum</span> <span class='ocrx_word' id='word_1_481' title='bbox 1367 4169 1493 4237; x_wconf 91' lang='lat' dir='ltr'>o&#39;rdine</span> <span class='ocrx_word' id='word_1_482' title='bbox 1509 4167 1563 4234; x_wconf 82' lang='lat' dir='ltr'>lex</span> <span class='ocrx_word' id='word_1_483' title='bbox 1582 4165 1644 4234; x_wconf 92' lang='lat' dir='ltr'>illa</span> <span class='ocrx_word' id='word_1_484' title='bbox 1666 4164 1806 4257; x_wconf 89' lang='lat' dir='ltr'>peperit</span> <span class='ocrx_word' id='word_1_485' title='bbox 1818 4160 2009 4235; x_wconf 90' lang='lat' dir='ltr'>Ethnicam</span> <span class='ocrx_word' id='word_1_486' title='bbox 2031 4164 2217 4239; x_wconf 89' lang='lat' dir='ltr'>obscoeni-</span> 
     </span>
     <span class='ocr_line' id='line_1_39' title="bbox 196 4259 2216 4370; baseline -0.006 -18"><span class='ocrx_word' id='word_1_487' title='bbox 196 4282 301 4364; x_wconf 92' lang='lat' dir='ltr'>dare,</span> <span class='ocrx_word' id='word_1_488' title='bbox 321 4274 498 4370; x_wconf 90' lang='lat' dir='ltr'>praeclare</span> <span class='ocrx_word' id='word_1_489' title='bbox 513 4272 558 4340; x_wconf 91' lang='lat' dir='ltr'>de</span> <span class='ocrx_word' id='word_1_490' title='bbox 570 4266 728 4339; x_wconf 88' lang='lat' dir='ltr'>Ecclesia</span> <span class='ocrx_word' id='word_1_491' title='bbox 742 4263 872 4333; x_wconf 89' lang='lat' dir='ltr'>mereri</span> <span class='ocrx_word' id='word_1_492' title='bbox 887 4274 1044 4354; x_wconf 86' lang='lat' dir='ltr'>possent.</span> <span class='ocrx_word' id='word_1_493' title='bbox 1093 4259 1182 4330; x_wconf 90' lang='lat' dir='ltr'>Plu·</span> <span class='ocrx_word' id='word_1_494' title='bbox 1212 4283 1336 4341; x_wconf 81' lang='lat' dir='ltr'>‚tatem</span> <span class='ocrx_word' id='word_1_495' title='bbox 1351 4282 1386 4338; x_wconf 89' lang='lat' dir='ltr'>ct</span> <span class='ocrx_word' id='word_1_496' title='bbox 1401 4268 1662 4361; x_wconf 78' lang='lat' dir='ltr'>profanitatem.</span> <span class='ocrx_word' id='word_1_497' title='bbox 1713 4263 1876 4354; x_wconf 89' lang='lat' dir='ltr'>Quorum</span> <span class='ocrx_word' id='word_1_498' title='bbox 1892 4280 2116 4358; x_wconf 89' lang='lat' dir='ltr'>peccatorum</span> <span class='ocrx_word' id='word_1_499' title='bbox 2131 4294 2216 4340; x_wconf 89' lang='lat' dir='ltr'>con-</span> 
     </span>
     <span class='ocr_line' id='line_1_40' title="bbox 195 4363 2218 4462; baseline -0.011 -9"><span class='ocrx_word' id='word_1_500' title='bbox 195 4381 327 4454; x_wconf 89' lang='lat' dir='ltr'>rimum</span> <span class='ocrx_word' id='word_1_501' title='bbox 343 4375 440 4447; x_wconf 91' lang='lat' dir='ltr'>enim</span> <span class='ocrx_word' id='word_1_502' title='bbox 457 4374 563 4443; x_wconf 88' lang='lat' dir='ltr'>reiert</span> <span class='ocrx_word' id='word_1_503' title='bbox 577 4367 839 4439; x_wconf 90' lang='lat' dir='ltr'>ordinationem</span> <span class='ocrx_word' id='word_1_504' title='bbox 854 4376 947 4434; x_wconf 90' lang='lat' dir='ltr'>recte</span> <span class='ocrx_word' id='word_1_505' title='bbox 961 4363 1162 4432; x_wconf 82' lang='lat' dir='ltr'>instaurari.</span> <span class='ocrx_word' id='word_1_506' title='bbox 1229 4372 1324 4462; x_wconf 78' lang='lat' dir='ltr'>ragio</span> <span class='ocrx_word' id='word_1_507' title='bbox 1339 4393 1374 4441; x_wconf 88' lang='lat' dir='ltr'>se</span> <span class='ocrx_word' id='word_1_508' title='bbox 1393 4370 1559 4461; x_wconf 91' lang='lat' dir='ltr'>polluunt</span> <span class='ocrx_word' id='word_1_509' title='bbox 1571 4389 1714 4451; x_wconf 88' lang='lat' dir='ltr'>omnes,</span> <span class='ocrx_word' id='word_1_510' title='bbox 1739 4368 1803 4460; x_wconf 83' lang='lat' dir='ltr'>qui</span> <span class='ocrx_word' id='word_1_511' title='bbox 1816 4363 1908 4439; x_wconf 87' lang='lat' dir='ltr'>hanc</span> <span class='ocrx_word' id='word_1_512' title='bbox 1922 4368 2036 4460; x_wconf 87' lang='lat' dir='ltr'>legem</span> <span class='ocrx_word' id='word_1_513' title='bbox 2051 4372 2096 4442; x_wconf 82' lang='lat' dir='ltr'>de</span> <span class='ocrx_word' id='word_1_514' title='bbox 2110 4372 2218 4443; x_wconf 72' lang='lat' dir='ltr'>coeli.</span> 
     </span>
    </p>

    <p class='ocr_par' dir='ltr' id='par_1_9' title="bbox 297 4464 1789 4573">
     <span class='ocr_line' id='line_1_41' title="bbox 297 4464 1789 4573; baseline -0.008 -28"><span class='ocrx_word' id='word_1_515' title='bbox 297 4473 396 4573; x_wconf 52' lang='grc' dir='ltr'>ΕΝ)</span> <span class='ocrx_word' id='word_1_516' title='bbox 414 4477 445 4545; x_wconf 88' lang='lat' dir='ltr'>si</span> <span class='ocrx_word' id='word_1_517' title='bbox 466 4476 717 4566; x_wconf 86' lang='lat' dir='ltr'>gubernatores</span> <span class='ocrx_word' id='word_1_518' title='bbox 731 4491 814 4536; x_wconf 89' lang='lat' dir='ltr'>vere</span> <span class='ocrx_word' id='word_1_519' title='bbox 837 4465 1100 4535; x_wconf 88' lang='lat' dir='ltr'>considerarent</span> <span class='ocrx_word' id='word_1_520' title='bbox 1125 4464 1183 4533; x_wconf 88' lang='lat' dir='ltr'>in·</span> <span class='ocrx_word' id='word_1_521' title='bbox 1229 4476 1316 4545; x_wconf 61' lang='lat' dir='ltr'>baeu</span> <span class='ocrx_word' id='word_1_522' title='bbox 1331 4472 1527 4543; x_wconf 79' lang='lat' dir='ltr'>defendunt</span> <span class='ocrx_word' id='word_1_523' title='bbox 1543 4482 1578 4539; x_wconf 86' lang='lat' dir='ltr'>et</span> <span class='ocrx_word' id='word_1_524' title='bbox 1593 4468 1789 4540; x_wconf 87' lang='lat' dir='ltr'>stabiliunt.</span> 
     </span>
    </p>
   </div>
   <div class='ocr_carea' id='block_1_3' title="bbox 326 4562 2066 4771">
    <p class='ocr_par' dir='ltr' id='par_1_10' title="bbox 195 4562 2066 4771">
     <span class='ocr_line' id='line_1_42' title="bbox 326 4562 2066 4771; baseline -0.015 -14.96"><span class='ocrx_word' id='word_1_525' title='bbox 195 4562 1184 4771; x_wconf 56' lang='lat' dir='ltr'>attatusalatratatus{aas</span> <span class='ocrx_word' id='word_1_526' title='bbox 1288 4589 1291 4594; x_wconf 53' lang='lat'>‘</span> <span class='ocrx_word' id='word_1_527' title='bbox 1381 4629 1444 4704; x_wconf 44' lang='grc' dir='ltr'>υ,</span> <span class='ocrx_word' id='word_1_528' title='bbox 1457 4626 1688 4705; x_wconf 57' lang='lat' dir='ltr'>a...</span> <span class='ocrx_word' id='word_1_529' title='bbox 1704 4639 1737 4702; x_wconf 83' lang='lat'>.</span> <span class='ocrx_word' id='word_1_530' title='bbox 1756 4595 2066 4730; x_wconf 61' lang='lat' dir='ltr'>aomo.</span> 
     </span>
    </p>
   </div>
   <div class='ocr_carea' id='block_1_4' title="bbox 195 4765 2221 5167">
    <p class='ocr_par' dir='ltr' id='par_1_11' title="bbox 195 4765 2221 4965">
     <span class='ocr_line' id='line_1_43' title="bbox 197 4765 2220 4867; baseline -0.008 -6"><span class='ocrx_word' id='word_1_531' title='bbox 197 4813 273 4860; x_wconf 91' lang='lat' dir='ltr'>non</span> <span class='ocrx_word' id='word_1_532' title='bbox 289 4786 392 4856; x_wconf 91' lang='lat' dir='ltr'>aliter</span> <span class='ocrx_word' id='word_1_533' title='bbox 405 4781 475 4851; x_wconf 87' lang='lat' dir='ltr'>sibi</span> <span class='ocrx_word' id='word_1_534' title='bbox 490 4777 625 4867; x_wconf 86' lang='lat' dir='ltr'>colligit</span> <span class='ocrx_word' id='word_1_535' title='bbox 638 4788 817 4845; x_wconf 88' lang='lat' dir='ltr'>aeternam</span> <span class='ocrx_word' id='word_1_536' title='bbox 831 4766 1042 4852; x_wconf 85' lang='lat' dir='ltr'>Ecclesiam,</span> <span class='ocrx_word' id='word_1_537' title='bbox 1066 4782 1102 4839; x_wconf 90' lang='lat' dir='ltr'>et</span> <span class='ocrx_word' id='word_1_538' title='bbox 1116 4792 1184 4837; x_wconf 90' lang='lat' dir='ltr'>no·</span> <span class='ocrx_word' id='word_1_539' title='bbox 1331 4767 1661 4844; x_wconf 83' lang='lat' dir='ltr'>Manifestissimum</span> <span class='ocrx_word' id='word_1_540' title='bbox 1696 4777 1765 4850; x_wconf 86' lang='lat' dir='ltr'>est,</span> <span class='ocrx_word' id='word_1_541' title='bbox 1793 4765 1991 4837; x_wconf 89' lang='lat' dir='ltr'>doctrinam</span> <span class='ocrx_word' id='word_1_542' title='bbox 2024 4766 2220 4844; x_wconf 88' lang='lat' dir='ltr'>monacho·</span> 
     </span>
     <span class='ocr_line' id='line_1_44' title="bbox 195 4865 2221 4965; baseline -0.008 -2"><span class='ocrx_word' id='word_1_543' title='bbox 195 4892 255 4964; x_wconf 83' lang='lat' dir='ltr'>bis</span> <span class='ocrx_word' id='word_1_544' title='bbox 276 4885 414 4959; x_wconf 86' lang='lat' dir='ltr'>miseris</span> <span class='ocrx_word' id='word_1_545' title='bbox 436 4878 642 4954; x_wconf 89' lang='lat' dir='ltr'>hominibus</span> <span class='ocrx_word' id='word_1_546' title='bbox 661 4871 847 4946; x_wconf 88' lang='lat' dir='ltr'>mandavit</span> <span class='ocrx_word' id='word_1_547' title='bbox 862 4894 988 4942; x_wconf 89' lang='lat' dir='ltr'>vocare</span> <span class='ocrx_word' id='word_1_548' title='bbox 1010 4865 1185 4951; x_wconf 89' lang='lat' dir='ltr'>homines,</span> <span class='ocrx_word' id='word_1_549' title='bbox 1232 4884 1313 4946; x_wconf 87' lang='lat' dir='ltr'>rum</span> <span class='ocrx_word' id='word_1_550' title='bbox 1335 4874 1379 4942; x_wconf 93' lang='lat' dir='ltr'>de</span> <span class='ocrx_word' id='word_1_551' title='bbox 1401 4870 1620 4962; x_wconf 86' lang='lat' dir='ltr'>poenitentia</span> <span class='ocrx_word' id='word_1_552' title='bbox 1643 4870 1730 4938; x_wconf 88' lang='lat' dir='ltr'>adeo</span> <span class='ocrx_word' id='word_1_553' title='bbox 1751 4865 1860 4937; x_wconf 83' lang='lat' dir='ltr'>fuisse</span> <span class='ocrx_word' id='word_1_554' title='bbox 1884 4868 2070 4939; x_wconf 90' lang='lat' dir='ltr'>obscuram</span> <span class='ocrx_word' id='word_1_555' title='bbox 2092 4885 2127 4943; x_wconf 92' lang='lat' dir='ltr'>et</span> <span class='ocrx_word' id='word_1_556' title='bbox 2142 4876 2221 4965; x_wconf 92' lang='lat' dir='ltr'>ple-</span> 
     </span>
    </p>

    <p class='ocr_par' dir='ltr' id='par_1_12' title="bbox 201 4963 2221 5167">
     <span class='ocr_line' id='line_1_45' title="bbox 276 4963 2220 5066; baseline 0.002 -24"><span class='ocrx_word' id='word_1_557' title='bbox 276 5033 282 5042; x_wconf 88' lang='lat'>.</span> <span class='ocrx_word' id='word_1_558' title='bbox 744 4991 746 4996; x_wconf 79' lang='grc'>’</span> <span class='ocrx_word' id='word_1_559' title='bbox 763 4981 771 4991; x_wconf 78' lang='grc'><strong>”</strong></span> <span class='ocrx_word' id='word_1_560' title='bbox 1233 4997 1317 5047; x_wconf 88' lang='lat' dir='ltr'>nam</span> <span class='ocrx_word' id='word_1_561' title='bbox 1333 4973 1589 5066; x_wconf 76' lang='lat' dir='ltr'>perplexitatis,</span> <span class='ocrx_word' id='word_1_562' title='bbox 1609 4963 1894 5063; x_wconf 89' lang='lat' dir='ltr'>labyrinthorum</span> <span class='ocrx_word' id='word_1_563' title='bbox 1922 4981 1957 5040; x_wconf 92' lang='lat' dir='ltr'>et</span> <span class='ocrx_word' id='word_1_564' title='bbox 1981 4994 2153 5059; x_wconf 88' lang='lat' dir='ltr'>errorum,</span> <span class='ocrx_word' id='word_1_565' title='bbox 2178 4992 2220 5051; x_wconf 91' lang='lat' dir='ltr'>ut</span> 
     </span>
     <span class='ocr_line' id='line_1_46' title="bbox 201 5070 2221 5167; baseline -0.003 -12"><span class='ocrx_word' id='word_1_566' title='bbox 201 5088 403 5167; x_wconf 73' lang='lat'>‘.‘&#39;&#39;&#39;&#39;&#39;&#39;&#39;‘&#39;</span> <span class='ocrx_word' id='word_1_567' title='bbox 991 5146 993 5150; x_wconf 20' lang='lat'><strong>⁴</strong></span> <span class='ocrx_word' id='word_1_568' title='bbox 1234 5102 1308 5148; x_wconf 93' lang='lat' dir='ltr'>non</span> <span class='ocrx_word' id='word_1_569' title='bbox 1323 5073 1645 5165; x_wconf 89' lang='lat' dir='ltr'>solumapopulo,</span> <span class='ocrx_word' id='word_1_570' title='bbox 1670 5071 1853 5142; x_wconf 85' lang='lat' dir='ltr'>sedneab</span> <span class='ocrx_word' id='word_1_571' title='bbox 1869 5070 1955 5162; x_wconf 90' lang='lat' dir='ltr'>ipsis</span> <span class='ocrx_word' id='word_1_572' title='bbox 1970 5071 2115 5164; x_wconf 88' lang='lat' dir='ltr'>quidem</span> <span class='ocrx_word' id='word_1_573' title='bbox 2132 5078 2221 5148; x_wconf 87' lang='lat' dir='ltr'>scri-</span> 
     </span>
    </p>
   </div>
   <div class='ocr_carea' id='block_1_5' title="bbox 170 5168 2221 5636">
    <p class='ocr_par' dir='ltr' id='par_1_13' title="bbox 180 5168 2221 5350">
     <span class='ocr_line' id='line_1_47' title="bbox 268 5168 2221 5286; baseline -0.022 -20"><span class='ocrx_word' id='word_1_574' title='bbox 268 5202 500 5283; x_wconf 63' lang='lat' dir='ltr'>imponerentur,</span> <span class='ocrx_word' id='word_1_575' title='bbox 519 5214 546 5258; x_wconf 86' lang='lat' dir='ltr'>et</span> <span class='ocrx_word' id='word_1_576' title='bbox 567 5173 675 5277; x_wconf 68' lang='lat' dir='ltr'>publica¹</span> <span class='ocrx_word' id='word_1_577' title='bbox 701 5198 1017 5282; x_wconf 39' lang='lat' dir='ltr'>precatione-peteretur</span> <span class='ocrx_word' id='word_1_578' title='bbox 1041 5193 1140 5286; x_wconf 44' lang='lat' dir='ltr'>ment&#39;is</span> <span class='ocrx_word' id='word_1_579' title='bbox 1160 5199 1188 5246; x_wconf 90' lang='lat' dir='ltr'>et</span> <span class='ocrx_word' id='word_1_580' title='bbox 1233 5179 1396 5274; x_wconf 78' lang='lat' dir='ltr'>pleribus</span> <span class='ocrx_word' id='word_1_581' title='bbox 1415 5176 1550 5266; x_wconf 76' lang='lat' dir='ltr'>integre</span> <span class='ocrx_word' id='word_1_582' title='bbox 1570 5183 1730 5266; x_wconf 80' lang='lat' dir='ltr'>percepta</span> <span class='ocrx_word' id='word_1_583' title='bbox 1745 5170 1802 5248; x_wconf 63' lang='lat' dir='ltr'>sit,</span> <span class='ocrx_word' id='word_1_584' title='bbox 1852 5168 2120 5267; x_wconf 61' lang='lat' dir='ltr'>proposuerunt</span> <span class='ocrx_word' id='word_1_585' title='bbox 2132 5202 2221 5253; x_wconf 60' lang='lat' dir='ltr'>mn,</span> 
     </span>
     <span class='ocr_line' id='line_1_48' title="bbox 180 5263 1187 5350; baseline -0.023 -14"><span class='ocrx_word' id='word_1_586' title='bbox 180 5345 185 5350; x_wconf 49' lang='lat'>,</span> <span class='ocrx_word' id='word_1_587' title='bbox 268 5279 360 5334; x_wconf 87' lang='lat' dir='ltr'>cordis</span> <span class='ocrx_word' id='word_1_588' title='bbox 379 5274 551 5331; x_wconf 83' lang='lat' dir='ltr'>confirmatio</span> <span class='ocrx_word' id='word_1_589' title='bbox 573 5282 601 5326; x_wconf 90' lang='lat' dir='ltr'>et</span> <span class='ocrx_word' id='word_1_590' title='bbox 617 5274 777 5341; x_wconf 72' lang='lat' dir='ltr'>gubernatio</span> <span class='ocrx_word' id='word_1_591' title='bbox 796 5285 825 5320; x_wconf 89' lang='lat' dir='ltr'>m</span> <span class='ocrx_word' id='word_1_592' title='bbox 845 5265 887 5320; x_wconf 87' lang='lat' dir='ltr'>lus</span> <span class='ocrx_word' id='word_1_593' title='bbox 906 5263 1110 5348; x_wconf 69' lang='lat' dir='ltr'>confitentrbus.</span> <span class='ocrx_word' id='word_1_594' title='bbox 1142 5287 1187 5345; x_wconf 43' lang='lat'>.-</span> 
     </span>
    </p>

    <p class='ocr_par' dir='ltr' id='par_1_14' title="bbox 170 5332 1793 5636">
     <span class='ocr_line' id='line_1_49' title="bbox 266 5332 1187 5417; baseline -0.023 -14"><span class='ocrx_word' id='word_1_595' title='bbox 266 5346 350 5417; x_wconf 76' lang='lat' dir='ltr'>tCod.</span> <span class='ocrx_word' id='word_1_596' title='bbox 364 5344 483 5417; x_wconf 83' lang='lat' dir='ltr'>Guelpb.</span> <span class='ocrx_word' id='word_1_597' title='bbox 495 5343 615 5413; x_wconf 83' lang='lat' dir='ltr'>sequitur</span> <span class='ocrx_word' id='word_1_598' title='bbox 627 5337 829 5410; x_wconf 75' lang='lat' dir='ltr'>autographon,</span> <span class='ocrx_word' id='word_1_599' title='bbox 845 5345 877 5391; x_wconf 87' lang='lat' dir='ltr'>ut</span> <span class='ocrx_word' id='word_1_600' title='bbox 889 5344 970 5390; x_wconf 82' lang='lat' dir='ltr'>ettam</span> <span class='ocrx_word' id='word_1_601' title='bbox 982 5350 1013 5387; x_wconf 86' lang='lat' dir='ltr'>tn</span> <span class='ocrx_word' id='word_1_602' title='bbox 1024 5333 1083 5386; x_wconf 75' lang='lat' dir='ltr'>alos</span> <span class='ocrx_word' id='word_1_603' title='bbox 1096 5332 1187 5400; x_wconf 76' lang='lat' dir='ltr'>tous.)</span> 
     </span>
     <span class='ocr_line' id='line_1_50' title="bbox 170 5425 1793 5636; baseline -0.02 -65"><span class='ocrx_word' id='word_1_604' title='bbox 170 5498 173 5500; x_wconf 30' lang='lat'>¹</span> <span class='ocrx_word' id='word_1_605' title='bbox 233 5425 673 5586; x_wconf 40' lang='lat' dir='ltr'>iiiiigiiioidia&#39;smm</span> <span class='ocrx_word' id='word_1_606' title='bbox 1257 5470 1317 5561; x_wconf 66' lang='lat' dir='ltr'><strong><em>m</em></strong></span> <span class='ocrx_word' id='word_1_607' title='bbox 1332 5490 1670 5636; x_wconf 52' lang='lat' dir='ltr'>propugbpsa&#39;mpm</span> <span class='ocrx_word' id='word_1_608' title='bbox 1678 5485 1793 5541; x_wconf 62' lang='lat' dir='ltr'>mune.</span> 
     </span>
    </p>
   </div>
   <div class='ocr_carea' id='block_1_6' title="bbox 0 0 2438 6420">
    <p class='ocr_par' dir='ltr' id='par_1_15' title="bbox 0 0 2438 6420">
     <span class='ocr_line' id='line_1_51' title="bbox 0 0 2438 6420; baseline 0 0"><span class='ocrx_word' id='word_1_609' title='bbox 0 0 2438 6420; x_wconf 95' lang='lat' dir='ltr'> </span> 
     </span>
    </p>
   </div>
  </div>
 </body>
</html>
