4868 6420
205 335 281 409 ue
718 402 726 408 ,
774 265 1211 403 nersrooanoru
1266 318 1374 400 nro.
1411 319 1477 400 rx.
1527 317 1663 398 1645.
2168 307 2243 384 ut

211 505 361 589 obtulit,
387 515 420 573 et
442 526 513 597 quo
534 514 617 572 ante
642 495 875 572 annuatur
900 493 1017 571 Adam
1043 510 1078 568 et
1098 493 1199 566 Here
1249 517 1329 563 mus
1354 494 1551 579 illucescet,
1582 494 1623 563 in
1645 516 1716 586 quo
1730 488 1845 562 Filius
1860 486 1928 560 Dei
1952 484 2110 558 universi
2131 507 2237 573 gene-

211 607 350 678 conditi
365 628 437 675 esse
453 605 668 694 scribuntur.
1249 595 1299 664 ris
1324 589 1473 664 humani
1499 595 1612 665 oculis
1633 618 1707 665 sese
1732 595 1911 672 ostendet,
1951 603 2097 659 etsuam
2113 583 2238 655 Eccle-

364 706 490 776 Pastor
509 701 688 774 Ecclesiae
711 702 779 774 Dei
807 703 848 772 in
868 702 1001 793 oppido
1025 696 1200 772 Saxoniae
1249 697 1336 764 siam
1355 695 1498 765 coelesti
1518 696 1630 785 gloria
1653 697 1807 768 ornabit.
1858 690 2007 762 Interim
2027 689 2150 760 fatales
2167 687 2238 756 cir-

364 805 598 895 Witeberga‚
630 819 664 874 et
687 806 814 876 caeteri
833 802 987 874 ministri
1012 798 1200 892 Evangelii
1250 794 1404 891 cuitus¹)
1429 821 1548 867 rerum
1574 798 1730 865 modeste
1750 797 1921 878 feramus,
1955 787 2115 861 etaDeo
2138 787 2236 857 miti-

361 908 401 977 in
416 909 536 977 eadem
551 903 708 975 Ecclesia
1248 899 1425 987 gationem
1442 898 1680 967 calamitatum
1694 913 1863 988 petamus.
1909 888 2076 983 Optarim
2090 889 2235 984 quidem

418 1002 596 1078 Iohannes
611 998 861 1097 Bugenhagius
879 1027 1090 1098 pomeranus
1103 1000 1149 1077 D.
1249 1000 1380 1091 suscipi
1404 1023 1423 1069 a
1447 998 1676 1090 Principibus
1701 998 1834 1090 patriae
1865 994 2126 1076 defensionem,
2171 1012 2237 1058 nec

390 1153 407 1214 1
427 1145 554 1208 Timoffi
583 1145 604 1211 4
1249 1125 1329 1170 raro
1344 1125 1581 1171 commemoro
1599 1101 1758 1169 omnium
1772 1111 1925 1169 aetatum
1939 1093 2107 1184 exempla.
2134 1086 2237 1162 Olim

555 1191 563 1207 ⁸
607 1190 616 1208 ⁶
1249 1203 1288 1270 in
1315 1196 1408 1271 hanc
1438 1201 1800 1293 ipsamPannoniam
1828 1198 1926 1268 venit
1954 1195 2110 1279 Hector,
2150 1193 2236 1259 inde

1249 1326 1360 1396 usque
1375 1328 1415 1371 ex
1429 1302 1525 1387 Asia,
1546 1316 1588 1372 ut
1601 1296 1729 1371 Rheso
1745 1325 1846 1392 opem
1861 1301 1985 1383 ferret3
2012 1296 2085 1366 Noe
2101 1288 2237 1386 nunc²)

309 1456 368 1514 tibi
403 1475 434 1512 er
476 1474 508 1513 m
532 1453 645 1514 haim
662 1454 789 1514 emim
814 1454 943 1513 mmm
965 1470 1112 1511 manuum
1127 1469 1199 1510 Μ.
1249 1428 1290 1473 ex
1321 1404 1451 1473 vicinia
1482 1404 1592 1473 ociosi
1620 1403 1843 1473 Pannonicas
1880 1401 2001 1471 caedes
2030 1409 2237 1487 spectamus,

310 1566 323 1615 ο
380 1474 474 1573 p·p
511 1474 531 1534 p
663 1512 666 1520 ’
790 1473 811 1533 P
1250 1529 1329 1574 cum
1346 1506 1475 1598 quibus
1490 1519 1543 1574 tot
1558 1505 1728 1590 vinculis,
1752 1504 1914 1573 societate
1928 1497 2129 1588 religionis,
2153 1517 2237 1565 san-

325 1577 537 1718 ummmuss'
566 1650 592 1723 s
834 1645 882 1743 (L
921 1643 976 1741 s)
1249 1606 1368 1695 guinis
1383 1621 1416 1676 et
1429 1606 1570 1697 imperii
1587 1605 1767 1676 coniuncti
1784 1626 1915 1675 sumus.
1957 1599 2029 1672 Sed
2045 1599 2119 1670 sive
2133 1618 2237 1686 prae·

484 1650 543 1746 (λ’
594 1649 621 1746 )
665 1747 762 1820 Phili
813 1774 854 1820 us
872 1701 1086 1819 Mel'amhon
1249 1707 1434 1776 liabuntur
1458 1708 1571 1776 nostri
1594 1705 1728 1796 Reges,
1762 1705 1834 1773 sive
1859 1702 2064 1781 cessabunt,
2091 1719 2158 1768 nos
2184 1709 2237 1766 ta-

663 1776 973 1923 GeorpglsMaior
1016 1848 1050 1918 D
1088 1797 1098 1820 ⁰
1248 1832 1332 1878 men
1359 1810 1488 1878 scimus
1512 1804 1708 1877 Ecclesiam
1728 1804 1798 1876 Dei
1819 1828 2022 1874 mansuram
2046 1823 2119 1870 esse
2139 1799 2237 1888 apud

663 1954 734 2024 sb
761 1875 800 2023 gt·
825 1978 849 2020 n
877 1900 1110 2021 sKosffhesius
1143 1945 1186 2018 M
1249 1933 1326 1989 eos,
1366 1909 1428 2003 qui
1450 1909 1632 1978 doctrinae
1657 1908 1814 1996 coelestis
1838 1908 1952 1976 studia
1976 1905 2115 1985 colunt,
2152 1899 2237 1969 ubi-

631 1978 959 2125 *chzssffiems
1005 2049 1059 2122 M
1113 2000 1124 2034 ²
1188 2001 1203 2085 ’,
1248 2034 1388 2103 cunque
1410 2025 1525 2083 erunt.
1578 2008 1659 2098 Qua
1682 2034 1743 2101 spe
1765 2004 1918 2077 libenter
1938 2003 2123 2095 complecti
2144 2015 2178 2070 te
2201 2011 2236 2068 et

968 2105 979 2138 ⁹
1248 2113 1341 2180 tueri
1356 2112 1451 2180 viros
1468 2113 1589 2180 doctos
1604 2112 1769 2183 arbitror.
1821 2107 1936 2176 Valde
1956 2106 2065 2195 igitur
2082 2126 2164 2181 oro,
2195 2112 2237 2169 nt

1248 2208 1344 2292 lrunc
1359 2206 1642 2304 Sigismundum
1659 2211 1796 2281 audiasr
1822 2206 1934 2279 Redit
1950 2208 1987 2274 io
2003 2203 2170 2297 patriam,
2194 2214 2237 2271 ut

1054 2372 1064 2380 .
1248 2315 1278 2382 si
1301 2313 1429 2404 possit,
1459 2326 1621 2403 parentes
1644 2312 1727 2381 iude
1750 2312 1912 2380 traducat
1932 2308 1971 2376 in
1995 2306 2149 2374 vicinam
2164 2300 2236 2370 Po-

202 2389 392 2519 Q
1020 2387 1190 2515 Q
1247 2415 1399 2498 lonium,
1425 2416 1556 2507 quibus
1578 2408 1773 2505 hospitium
1789 2410 1827 2478 in
1843 2425 1903 2480 tua
1921 2408 2056 2477 ditione
2071 2404 2237 2501 praeberi

382 2543 384 2547 “
773 2579 780 2596 .
1246 2515 1502 2609 aliquantisper
1531 2516 1629 2608 petit.
1687 2512 1880 2606 Postquam
1909 2534 1983 2580 non
2014 2507 2236 2576 defendimus

587 2575 819 2659 Tamovw‘
1246 2616 1490 2702 Pannoniam,
1541 2612 1608 2685 hoc
1647 2614 1770 2684 saltem
1812 2612 1968 2681 officium
1986 2621 2236 2700 praestemus,

272 2749 341 2805 Met.
354 2749 451 2806 select.
466 2749 544 2819 epta,
558 2771 585 2823 p,
597 2754 659 2807 299.
693 2753 778 2825 Epio.
794 2752 843 2807 οο,
859 2753 879 2810 ο,
895 2772 922 2824 p.
935 2750 997 2808 404.
1016 2751 1092 2819 (ηοο,
1106 2751 1195 2808 pond,
1245 2714 1438 2810 hospitium
1455 2731 1496 2788 ut
1520 2713 1688 2831 [desertis
1706 2709 1762 2810 et]
1778 2709 1807 2809 ⁵)
1832 2712 2035 2830 palantibus
2062 2710 2235 2779 couceda-

305 2818 419 2873 ’ΜΘ
463 2821 599 2887 117·)·--
622 2824 684 2892 ΑΡῠ
719 2821 1195 2894 aphaineoo.Gou.212.p.1o⁷.,
1244 2843 1334 2892 mus.
1401 2815 1567 2888 Eruditio
1600 2808 1836 2910 Sigismundr
1866 2834 1994 2900 magno
2025 2820 2233 2879 ornamento

440 2859 447 2874 a
705 2843 718 2873 Γ

304 2839 592 3026 Reicirhfflii
605 2909 652 3012 ”12¹
665 2842 842 3028 ζῗηρξὲἓῑῗέ
859 2891 1196 3033 ῑᾋὲῗςζῑῗξῆΜζῖᾙὲ
1243 2919 1374 3012 poterit
1391 2943 1463 2988 esse
1478 2918 1610 2989 alicubi
1625 2916 1656 3013 ⁴)
1672 2913 1811 2987 scholae
1824 2914 2028 3006 ubicunque
2045 2911 2122 2980 erit.
2164 2907 2235 2978 Fui

301 3042 388 3092 nyma
402 3027 558 3094 Nemuger,
577 3029 737 3083 Pannonio.
745 3027 762 3050 ··
1244 3022 1351 3111 igitur
1368 3021 1400 3088 ei
1416 3014 1598 3104 hortator,
1631 3033 1672 3091 ut
1696 3020 1818 3088 redeat
1834 3017 1871 3085 iu
1890 3013 2137 3094 Germaniam,
2170 3011 2234 3078 ubi

1243 3138 1277 3193 et
1293 3122 1500 3214 parentibus
1516 3137 1551 3191 et
1565 3121 1634 3190 sibi
1651 3120 1776 3188 nidum
1791 3119 1946 3210 aliquem
1962 3114 2136 3183 inveniet:
2172 3109 2233 3178 ln-

1242 3239 1335 3296 terea
1361 3239 1506 3315 propter
1528 3222 1694 3292 virtutem
1715 3233 1813 3289 tuam
1835 3232 1870 3287 et
1891 3229 2037 3309 propter
2064 3212 2233 3283 viciniam

1242 3328 1287 3395 ad
1309 3339 1343 3396 te
1365 3325 1641 3414 confugiendum
1668 3344 1741 3391 esse
1761 3333 1895 3404 censet,
1925 3318 2063 3409 tibique
2083 3337 2119 3386 se
2136 3337 2233 3385 com-

199 3399 245 3492 S.
270 3417 315 3492 D.
371 3416 456 3488 Non
479 3419 604 3489 dubito
628 3433 663 3490 te
688 3418 806 3490 virum
831 3417 981 3489 consilio
1004 3431 1039 3491 et
1060 3419 1191 3492 virtute
1242 3428 1397 3502 mendat.
1448 3425 1521 3497 Nec
1537 3424 1675 3508 dubito,
1701 3422 1790 3517 quin
1805 3420 1870 3491 nbi
1886 3418 2041 3490 audieris
2059 3440 2151 3497 eum,
2174 3415 2232 3483 in-

199 3533 452 3612 praestantem,
486 3534 615 3590 etcum
630 3519 800 3611 Reipubl.
816 3520 970 3609 pericula
988 3520 1192 3614 intelligen-
1241 3529 1403 3618 genium,
1443 3527 1680 3598 cruditionem
1716 3538 1751 3596 et
1782 3513 1987 3613 gravitatem
2022 3519 2096 3588 cius
2129 3517 2234 3587 valde

200 3637 292 3704 tem,
329 3635 405 3691 tum
428 3645 512 3690 vero
536 3622 603 3691 toti
627 3622 706 3691 orbi
731 3613 953 3690 Christiano
973 3623 1105 3713 optime
1128 3648 1190 3692 cu·
1240 3631 1453 3720 probaturus
1470 3630 1528 3701 sis.
1584 3624 1640 3696 Eo
1658 3626 1767 3714 igitur
1782 3625 1901 3694 literas
1919 3623 1952 3691 ei
1976 3619 2075 3704 dedi,
2099 3632 2140 3688 ut
2155 3618 2232 3687 adi.

199 3712 370 3814 pientem'
388 3722 426 3789 in
454 3719 523 3791 hoc
551 3723 751 3793 tristissimo
772 3715 994 3792 Pannoniae
1023 3725 1189 3795 incendio
1240 3743 1316 3800 tum
1333 3731 1377 3799 ad
1393 3741 1428 3798 te
1445 3729 1697 3820 patefacerent,
1728 3740 1848 3819 postea
1869 3748 1949 3793 eum
1972 3732 2115 3814 propter
2130 3743 2231 3789 suam

199 3823 311 3893 multa
335 3823 486 3912 cogitare
506 3826 551 3893 de
575 3824 683 3892 variis
700 3825 938 3893 calamitatum
953 3818 1189 3895 humanarum
1238 3832 1407 3901 virtutem
1442 3830 1685 3921 complectere.
1747 3825 1865 3915 Quam
1904 3823 1977 3893 sint
2015 3817 2103 3890 haec
2137 3821 2244 3891 iusta.

198 3923 331 4008 causis,
373 3927 418 3993 de
449 3926 547 4010 fatis,
582 3928 625 3994 de
658 3925 900 4017 providentia,
938 3926 982 3995 de
1018 3926 1188 3996 scelerum
1238 3933 1354 4002 officia
1386 3931 1452 4000 tali
1481 3946 1656 4023 tempore,
1703 3941 1744 3998 tu
1781 3927 1914 4018 optime
1944 3922 2123 4013 intelligis.
2190 3921 2232 3993 Si

197 4025 343 4117 poenis,
373 4027 417 4096 de
435 4023 642 4118 Principum
666 4026 863 4112 furoribus,
896 4051 1047 4120 quarum
1067 4051 1187 4097 rerum
1238 4034 1312 4104 ulla
1336 4031 1375 4101 in
1402 4055 1458 4119 re,
1497 4045 1590 4103 certe
1619 4027 1679 4100 hic
1708 4031 1807 4098 decet
1834 4023 1997 4096 homines
2027 4024 2231 4094 meminisse

195 4127 358 4197 omnium
390 4128 554 4216 cogitatio
585 4128 688 4198 etiam
718 4128 870 4197 fortibus
900 4128 987 4198 viris
1009 4128 1186 4217 ingentem
1238 4157 1462 4206 communem
1485 4135 1579 4203 inter
1600 4156 1637 4202 se
1657 4129 1944 4201 coniunctionem
1958 4140 1993 4198 et
2005 4148 2230 4196 communem

198 4228 356 4297 dolorem
372 4230 495 4301 adfert.
537 4227 628 4299 Cum
645 4230 753 4318 igitur
769 4232 812 4298 ad
831 4244 865 4299 te
883 4230 927 4299 de
943 4225 1187 4323 sigismundo
1236 4239 1429 4308 fortunam.
1488 4230 1624 4305 Thebis
1647 4230 1790 4316 deletis,
1831 4253 1912 4300 cum
1935 4229 2112 4298 decretum
2140 4238 2229 4296 esset

199 4323 409 4413 Pannonio,
429 4331 505 4399 viro
521 4331 735 4426 doctissimo,
757 4343 792 4400 et
807 4325 1056 4400 honestissimo
1072 4332 1185 4401 amico
1236 4339 1388 4423 factum,
1420 4361 1466 4406 ne
1487 4337 1567 4429 quis
1589 4335 1707 4405 exules
1723 4327 1879 4423 hospitio
1895 4330 2083 4420 exciperet,
2114 4322 2228 4398 Athe.

197 4443 319 4499 nostro
335 4432 561 4514 scribendum
578 4445 685 4511 esset,
716 4431 869 4500 libenter
891 4432 1026 4525 aliquid
1047 4433 1186 4522 praefa-
1236 4464 1303 4509 nae
1324 4453 1441 4509 tamen
1467 4440 1571 4508 adse
1594 4435 1817 4506 venientibus
1841 4428 2034 4524 hospitium
2054 4430 2228 4521 praehue-

197 4543 254 4600 tus
277 4555 405 4617 essem,
445 4534 542 4625 quod
571 4534 616 4601 ad
644 4533 829 4601 levandam
855 4547 950 4602 luam
975 4533 1184 4602 moestitiam
1236 4555 1340 4627 runt,
1365 4540 1503 4610 tametsi
1528 4539 1660 4609 multae
1683 4548 1785 4605 erant
1809 4556 1950 4617 causae,
1976 4556 2039 4600 cur
2057 4527 2227 4600 Alexan-

195 4633 724 4717 accommodatum-videntum
778 4631 848 4703 Sed
874 4635 992 4704 omnia
1021 4636 1110 4727 quae
1139 4636 1185 4704 ab
1237 4636 1344 4712 dmm
1362 4655 1396 4713 et
1409 4642 1600 4726 victorem,
1626 4653 1660 4709 et
1675 4637 1854 4707 irritatum
1869 4633 2113 4704 formidarent.
2155 4629 2228 4701 Nec

195 4735 345 4804 eruditis
360 4749 393 4805 et
410 4722 628 4825 sapientibus
645 4734 882 4822 colliguntur,
915 4749 998 4805 nota
1019 4736 1088 4805 tibi
1112 4758 1184 4806 esse
1235 4769 1319 4816 vero
1344 4767 1433 4834 opus
1459 4756 1512 4813 est
1533 4743 1601 4814 tibi
1625 4755 1743 4811 vetera
1769 4738 1927 4828 exempla
1948 4735 2113 4815 recitare,
2145 4756 2227 4801 cum

178 4829 289 4921 'eei0,
313 4860 370 4904 me
393 4859 477 4904 vero
501 4831 587 4905 haec
602 4861 673 4905 uua
696 4835 890 4905 consolatio
906 4849 1086 4930 utcunque
1107 4860 1185 4906 sus-
1235 4845 1347 4915 virtus
1362 4859 1424 4916 tua
1439 4845 1518 4914 aliis
1533 4843 1747 4938 praeluceat:
1781 4837 1960 4930 Excepisti
1982 4836 2077 4905 enim
2091 4833 2226 4924 Regem

195 4949 319 5007 tentat.
368 4934 448 5006 Etsi
471 4937 509 5005 iu
534 4934 598 5007 hac
613 4937 742 5006 mundi
758 4951 896 5006 senecta
914 4952 949 5007 et
964 4939 1090 5008 delirio
1114 4939 1184 5007 im·
1234 4940 1434 5031 Ioannem,
1467 4970 1547 5018 cunr
1573 4968 1648 5016 non
1668 4955 1808 5014 tantum
1833 4940 1941 5010 asuis
1955 4940 2114 5009 desertus
2127 4948 2227 5021 esset,

194 5040 349 5128 pendere
377 5038 537 5109 existimo
560 5038 710 5107 maiores
734 5061 924 5126 regnorum
946 5040 1182 5120 confusiones,
1216 5048 1218 5055 '

194 5163 300 5230 quam
319 5141 464 5209 fuenmt
486 5156 605 5211 antea:
646 5153 764 5209 tamen
796 5164 960 5210 mansura
986 5155 1038 5211 est
1063 5142 1181 5234 aliqua
1902 5217 1910 5231 ‚

191 5235 262 5309 Dei
284 5237 459 5323 Ecclesia,
500 5255 535 5312 et
560 5255 666 5311 erunt
694 5240 839 5331 politiae
867 5243 1005 5335 aliquae
1028 5237 1181 5334 hospitia
1266 5221 1295 5358 {d
1313 5221 1981 5363 ἕζέΜὲοῒξΜὝδἪΜἽιΜΜ·

190 5335 369 5412 Ecclesiae
386 5356 419 5412 et
434 5344 630 5424 literarum,
657 5341 871 5435 squalidiora
886 5345 1049 5429 fortasse,
1074 5368 1180 5438 quam
1265 5308 1296 5458 δὲ
1315 5308 1684 5450 Οωξῃῑίοὶἑδιᾶἕζῖη
1729 5323 1839 5364 0Μά
1873 5319 1928 5356 em.

191 5457 313 5530 antea,
345 5446 529 5539 sederunt
547 5457 685 5530 tamen,
716 5446 829 5514 donec
849 5444 911 5513 ille
933 5445 1009 5517 dies
1030 5445 1181 5518 laetissi-
1263 5475 1293 5547 ο)
1312 5475 1381 5536 cod.
1394 5476 1477 5533 Goth.
1490 5433 1552 5535 {12
1563 5433 1597 5534 ,f
1604 5434 1688 5534 ηηοο,
1701 5475 1815 5532 nome.
1830 5471 1921 5527 ηοοο·

314 1244 448 1311 Attende
478 1251 620 1326 lectioni,
647 1245 850 1308 adhortationi
876 1259 907 1308 et
934 1246 1096 1308 doetrinae.
1153 1240 1200 1306 Ne

312 1355 446 1432 negliges
468 1352 599 1428 donum,
625 1349 710 1432 qnod
730 1352 764 1410 in
783 1360 814 1409 te
832 1361 897 1427 est,
923 1349 1006 1431 quod
1030 1349 1133 1408 datum
1156 1357 1200 1407 est

239 3174 304 3252 Ad
326 3175 610 3254 Tarnoeinm
636 3178 880 3267 Polonum,
907 3175 1154 3281 Capitonenm

558 3278 834 3357 Crocoeiensem
876 3322 879 3332 ·

1237 5119 1436 5132 m*
