4868 6420
189 348 264 430 671

194 527 440 617 voluptatum,
480 533 516 590 et
542 516 696 612 populus
720 515 951 610 tranquillam
983 514 1186 585 servitutem

194 628 306 720 magis
325 624 485 709 amabat,
516 645 623 716 quarn
645 618 786 711 imperii
807 619 973 710 gloriam,
998 640 1088 711 quae
1112 617 1189 685 sine

195 730 333 822 magnis
354 725 557 809 laboribus,
587 721 837 792 certaminibus
859 735 893 791 et
914 719 1081 810 periculis
1104 718 1189 788 reti-

195 833 275 904 neri
292 854 367 901 non
383 839 516 921 potest,
541 825 800 896 transtulerunt
815 819 1026 892 Comoedias
1047 822 1093 889 ad
1115 819 1201 911 pri-.

196 948 378 1016 vatorum,
404 931 476 998 imo
494 931 539 998 ad
556 928 745 1011 iuvenum,
769 924 993 993 meretricum
1017 936 1051 992 et
1068 947 1189 991 servo-

196 1062 277 1108 rum
299 1037 422 1118 ludos,
455 1030 632 1123 pericula,
666 1042 700 1098 et
725 1028 961 1118 inexpectatos
984 1047 1102 1108 casus,
1128 1023 1190 1116 qui

197 1163 278 1211 cum
296 1137 409 1208 exitus
431 1144 515 1203 sunt
540 1131 642 1214 laeti,
663 1152 788 1218 magna
814 1152 893 1197 eum
919 1127 1102 1218 voluptate
1125 1151 1189 1195 au·

198 1241 358 1312 diuntur.
394 1229 443 1306 Et
458 1249 576 1305 tamen
592 1232 781 1302 consilium
797 1231 836 1298 in
853 1229 1094 1299 describendis
1111 1251 1191 1318 per-

197 1343 295 1414 sonis
307 1342 402 1410 idem
417 1338 486 1407 fuit
500 1337 539 1404 in
555 1330 621 1404 hac
635 1358 727 1403 nova
744 1330 947 1415 Comoedia,
963 1331 1058 1424 quod
1076 1330 1113 1398 in
1130 1353 1192 1399 ve-

197 1445 276 1519 teri.
327 1440 398 1513 Sed
414 1452 502 1510 tecte
517 1437 606 1506 fictis
625 1436 833 1505 nominibus
848 1447 882 1503 et
904 1433 1051 1524 privatis
1069 1455 1192 1523 perso-

197 1536 254 1616 nis
283 1541 502 1634 potentiores
533 1539 841 1628 significabantur,
883 1548 918 1603 et
950 1535 1191 1603 miscebantur

198 1647 345 1720 consilia
362 1648 405 1714 de
420 1642 586 1712 omnibus
603 1640 695 1708 vitae
712 1639 889 1731 partibus,
914 1660 953 1705 ae
976 1649 1113 1706 tanturn
1129 1659 1190 1702 ve-

198 1749 347 1821 nustatis
370 1758 404 1816 et
424 1743 555 1836 leporis
580 1742 616 1810 in
632 1733 848 1810 Menandri
866 1738 996 1807 sabulis
1017 1738 1106 1821 suit,
1129 1736 1192 1827 qni

198 1865 303 1923 autor
321 1863 372 1919 est
394 1846 604 1939 praecipuus
625 1867 739 1912 novae
763 1840 995 1923 Comoedias,
1028 1853 1068 1909 ut
1094 1839 1193 1908 dixe-

198 1955 273 2024 rint
290 1953 353 2020 illo
371 1950 442 2018 sale
457 1968 660 2037 conspersas
676 1968 767 2029 esse,
781 1968 822 2012 ex
841 1967 911 2035 quo
924 1938 1069 2025 Venus,
1087 1964 1192 2032 qnam

198 2057 338 2144 lingunt
357 2051 447 2119 mari
472 2062 607 2132 ortam,
647 2060 731 2116 nata
759 2045 901 2118 dicitur.
960 2041 1051 2113 Cum
1076 2057 1193 2112 autem

199 2159 321 2227 eadem
335 2165 447 2223 aetate
462 2150 567 2220 multi
584 2141 741 2216 Athenis
756 2148 794 2216 in
813 2149 936 2216 eodem
959 2168 1084 2234 genere
1107 2142 1194 2213 scri-

198 2259 308 2329 bendi
325 2254 561 2335 elaborarint‚
587 2264 621 2320 et
645 2251 779 2339 egregia
797 2259 1024 2318 monumenta
1040 2247 1194 2338 plurima

199 2359 428 2453 reliquerint,
461 2376 675 2444 magnopere
707 2352 902 2421 dolendum
926 2361 997 2430 est,
1030 2371 1092 2417 seu
1127 2341 1195 2415 ho-

199 2464 337 2532 minum
380 2456 562 2539 barbarie,
603 2477 664 2523 seu
705 2465 851 2544 propter
883 2449 1016 2519 excidia
1050 2448 1194 2519 crrbinm

117 2594 132 2620 ·-
200 2562 321 2635 omnia
336 2560 498 2630 funditus
514 2546 699 2627 interiisse.
750 2553 841 2623 Nam
858 2566 892 2621 et
908 2576 948 2621 ex
964 2544 1121 2619 Latinis
1136 2562 1194 2619 ut-

201 2687 342 2757 eunque
365 2660 542 2732 aestimari
565 2669 696 2749 potest,
739 2667 913 2748 quantum
938 2651 1194 2732 venustatisin

202 2761 357 2839 Graecis
378 2762 504 2846 luerit,
542 2774 575 2830 et
599 2760 793 2848 fragmenta
815 2769 899 2826 sunt
923 2754 1195 2845 elegantissima;

200 2868 366 2960 Denique
393 2877 669 2935 consentaneum
695 2874 764 2944 est,
791 2854 956 2928 homines
975 2853 1114 2926 Atticos
1136 2854 1195 2923 in·

202 2972 315 3063 geniis
337 2982 372 3039 et
397 2964 598 3037 eruditione
627 2962 855 3043 excellentes,
891 2960 1010 3051 lepore
1043 2959 1137 3028 inter
1160 2979 1197 3025 se

202 3085 394 3155 certantes,
415 3093 495 3138 cum
518 3081 552 3138 et
575 3060 691 3134 honos
710 3075 798 3132 esset
813 3058 897 3132 huic
913 3061 1053 3146 studio,
1079 3073 1113 3130 ct
1136 3057 1199 3126 alii

202 3177 248 3247 ab
263 3174 342 3244 aliis
357 3186 434 3241 tum
448 3169 702 3251 excitarentur,
729 3179 806 3235 tum
822 3164 1094 3246 adiuvarentur,
1121 3184 1195 3230 non

203 3279 357 3348 insulsos
381 3273 495 3351 iocos,
521 3270 642 3364 quales
667 3291 764 3338 nunc
787 3279 871 3336 sunt
891 3288 1092 3335 scurrarum
1109 3262 1199 3332 auli-

204 3402 346 3461 corum,
372 3376 410 3443 in
429 3368 567 3444 theatra
581 3370 759 3452 attulisse,
784 3370 845 3436 sed
870 3367 1046 3458 sapienter
1062 3365 1200 3452 excogi-

205 3494 276 3553 tata
292 3490 516 3568 argumenta,
543 3486 577 3542 et
594 3471 762 3540 varietate
785 3468 986 3562 doctrinae,
1013 3482 1046 3538 et
1066 3466 1200 3536 oratio·

205 3584 262 3654 nis
277 3579 449 3652 suavitate
469 3573 671 3646 dulcissime
688 3585 823 3644 ornata.

309 3683 500 3773 Postquam
530 3701 613 3746 vero
638 3663 869 3744 monumenta
897 3667 1029 3741 horum
1053 3670 1199 3740 interie-

122 3789 123 3793 ’
207 3799 311 3869 runt,
336 3782 498 3875 reliquiis
514 3780 693 3860 truamur,
717 3768 850 3844 Plauti
865 3787 898 3843 et
915 3768 1081 3843 Terentii
1095 3772 1194 3841 fabu-

208 3891 270 3972 lis,
285 3900 321 3957 et
337 3882 399 3954 has
412 3882 550 3974 saepius
565 3882 738 3969 legamus,
754 3902 835 3946 cum
853 3889 892 3946 ut
907 3897 1107 3944 sermonem
1117 3865 1199 3940 La-

208 3988 326 4061 tinam
342 3989 425 4056 inde
442 3981 666 4064 hauriamus,
691 3994 767 4050 tum
781 4002 865 4048 vero
880 3989 920 4047 ut
933 4000 1072 4046 morum
1087 3988 1121 4045 et
1135 3999 1199 4043 vo-

208 4094 385 4164 luntatum
411 4082 718 4155 dissimilitudines
747 4081 786 4148 iu
814 4079 975 4172 personis
998 4077 1200 4147 considere-

207 4219 298 4266 mus.
362 4187 476 4260 Aiunt
501 4177 751 4281 Antiphonem
777 4180 961 4252 Carnicum
995 4174 1198 4248 Alexandro

207 4294 438 4369 Comoediam
457 4290 680 4370 recitantem,
705 4308 785 4354 curn
810 4284 1105 4353 animadverteret
1124 4278 1199 4351 Re-

208 4400 265 4491 gi,
289 4399 326 4466 in
346 4418 416 4488 quo
434 4389 617 4463 urbanitas
634 4401 667 4457 et
682 4385 852 4476 elegantia
867 4407 1003 4455 summa
1023 4394 1116 4464 erat,
1143 4383 1199 4450 in-

209 4501 319 4594 eptias
336 4498 471 4590 aliquas
485 4492 689 4583 displicere,
714 4489 861 4572 dixisse,
888 4487 931 4555 iis
956 4486 1100 4553 demum
1122 4483 1199 4574 pla-

209 4628 287 4675 cere
301 4596 528 4679 Comoedias,
552 4594 616 4685 qui
635 4605 670 4662 et
693 4590 761 4681 ipsi
776 4600 1061 4659 commessatores
1077 4600 1200 4671 essent,

209 4720 244 4777 et
261 4729 279 4774 a
298 4698 518 4772 mulierculis
534 4696 652 4787 plagas
667 4693 842 4784 accipere,
867 4703 903 4760 et
916 4688 966 4758 eis
982 4688 1066 4756 dare
1080 4688 1200 4778 plagas

209 4802 482 4878 consuevissent.

309 4904 443 4976 Natura
459 4900 604 4996 quidem
619 4896 669 4966 ita
682 4896 741 4980 tit,
765 4909 807 4965 ut
825 4892 976 4962 maxime
991 4914 1113 4960 eorum
1138 4911 1200 4959 seu

210 5012 379 5081 ludorum
403 5029 464 5074 seu
487 5001 689 5072 studiorum
710 4995 1042 5067 commemoratione
1059 5015 1201 5060 movea-

210 5135 309 5194 mur,
329 5132 420 5201 quae
443 5103 672 5175 exercuimus.
725 5096 796 5168 Sed
821 5097 858 5164 in
880 5096 1012 5166 tabulis
1029 5118 1103 5164 non
1122 5106 1201 5163 tan-

210 5229 287 5286 tum
300 5210 369 5280 ioci
386 5220 469 5279 sunt
483 5204 658 5276 amatorii.
704 5196 789 5270 Alia
802 5198 913 5269 multa
929 5210 1013 5268 sunt
1027 5197 1132 5289 plena
1146 5219 1200 5265 sa-

208 5314 373 5410 pientiae.
425 5309 574 5379 Viderat
589 5296 804 5374 Alexander
819 5301 858 5370 in
874 5301 953 5371 aula
973 5299 1104 5368 multos
1122 5292 1201 5365 De-

209 5440 331 5496 meas,
351 5405 617 5492 PhormioneS,
644 5397 874 5476 Gnathones.
924 5401 1073 5473 Viderat
1087 5401 1125 5468 in
1143 5425 1203 5469 ex-

208 5521 321 5592 ercitu
350 5516 481 5586 multos
515 5505 553 5583 T
553 5504 743 5580 hrasanes.
809 5503 987 5577 Usitatum
1014 5517 1066 5575 est
1085 5515 1232 5609 autem-

773 335 1216 419 EPISTOLARUM
1267 342 1467 422 nlnlx.
1520 342 1653 422 tota.

2155 337 2236 417 672

1236 517 1342 588 nobis
1358 517 1527 588 omnibus
1543 541 1564 586 a
1581 517 1712 588 talibus
1734 518 1913 590 interdum
1929 516 2142 588 contumelia
2166 515 2236 586 ad·

1208 559 1212 651 l
1236 619 1305 693 tici.
1356 617 1497 689 Horum
1514 621 1685 710 imagines
1701 620 1740 688 in
1755 613 1895 689 Plauto
1909 635 1944 691 et
1957 614 2130 689 Terentio
2145 641 2232 712 pro·

1236 721 1389 812 positas,
1422 722 1611 810 diligenter
1633 724 1815 793 intueatur
1837 724 2022 806 iuventus,
2054 733 2095 792 ut
2118 743 2231 811 agno·

1238 847 1351 908 scere,
1374 823 1512 908 odisse,
1539 837 1573 893 et
1597 825 1718 913 lugere
1738 847 1915 906 morosos,
1949 825 2140 908 rixatores,
2173 845 2234 918 sy·

1238 921 1448 1016 cophantas,
1488 925 1706 1010 ardeliones,
1747 941 1951 1014 arrogantes
1990 938 2234 1011 assentatores,

1238 1052 1389 1119 quianam
1414 1029 1538 1118 plenae
1559 1042 1644 1098 sunt
1665 1053 1788 1097 omnes
1811 1030 1971 1100 civitates
1987 1029 2109 1097 discat.
2161 1025 2233 1096 Nee

1237 1123 1432 1198 Terentius
1456 1130 1548 1221 ipse,
1574 1154 1653 1199 cum
1669 1125 1849 1198 Demeam
1877 1145 1911 1202 et
1923 1125 2122 1199 Mitianem
2146 1153 2232 1199 cou-

1238 1231 1363 1316 ferret,
1389 1231 1482 1300 cives
1499 1232 1668 1300 obscuros
1691 1246 1727 1302 et
1746 1233 1921 1322 ignobiles
1937 1244 2053 1302 mente
2069 1232 2232 1302 intueba-

1239 1347 1308 1407 tur.
1359 1332 1429 1403 Sed
1446 1325 1603 1402 Catonis
1616 1335 1857 1406 morositatem
1869 1335 2061 1418 irridebat,
2089 1348 2123 1404 et
2136 1327 2233 1402 Lae·

1241 1430 1287 1503 lii
1307 1459 1369 1504 seu
1392 1431 1580 1530 Scipionis
1603 1437 1809 1525 gravitatem
1837 1437 1982 1507 lenitate
2006 1451 2039 1507 et
2062 1437 2233 1507 suavitate

1239 1550 1467 1629 temperatam
1484 1538 1662 1611 laudabat.
1715 1538 1766 1608 lta
1793 1539 1859 1609 erit
1875 1539 2016 1609 dulcior
2038 1540 2144 1609 lectio
2165 1535 2233 1608 Co-

1240 1640 1472 1723 moediarum,
1487 1664 1566 1708 cum
1578 1641 1686 1708 vitam
1698 1635 1889 1709 hominum
1904 1640 2235 1732 contemplabimur,

1240 1755 1273 1812 et
1288 1765 1440 1833 quorum
1455 1743 1648 1832 pingantur
1663 1766 1796 1828 mores,
1820 1738 2154 1814 animadvertemus.

1343 1870 1489 1940 lnterim
1515 1884 1548 1940 et
1582 1866 1649 1941 hoc
1681 1873 1841 1965 proderit
1870 1873 2078 1959 iuvenibus,
2106 1873 2234 1957 videre,

1239 1973 1304 2044 ubi
1321 1996 1340 2041 a
1357 1974 1459 2042 lactis
1480 1974 1686 2063 vulgaribus
1705 1975 1818 2046 oratio
1839 1978 1883 2043 ad
1900 1971 2034 2044 Thesea
2052 1989 2087 2045 et
2101 1976 2235 2066 gravis·

1241 2076 1410 2145 simarum
1427 2099 1546 2145 rerum
1565 2077 1742 2148 doctrinas
1768 2078 2009 2150 transferatur.
2062 2076 2234 2168 Queritur

1241 2200 1363 2246 servus
1382 2180 1475 2268 apud
1490 2171 1691 2260 Plautum,
1715 2203 1788 2248 non
1806 2180 1908 2248 reddi
1926 2192 2102 2252 mutuum.
2151 2178 2236 2250 lude

1242 2303 1347 2373 quam
1355 2278 1542 2369 Tragicam
1558 2282 1736 2375 querelam
1756 2281 1907 2367 extruit,
1931 2284 1975 2351 de
1989 2282 2108 2371 legum
2124 2295 2160 2352 et
2174 2283 2236 2353 bo-

1242 2405 1372 2450 norurn
1388 2406 1528 2450 morum
1547 2384 1753 2454 contemtu?

1283 2509 1410 2588 lllores,
1432 2510 1516 2592 leges
1539 2514 1745 2593 perduxerunt
1766 2513 1827 2575 iam
1849 2512 1881 2575 in
1906 2520 2086 2592 potestatem
2106 2533 2210 2578 suern:

1286 2596 1351 2658 Eae
1380 2595 1510 2658 miserae
1538 2598 1629 2661 etiam
1657 2602 1696 2661 etl
1726 2600 1870 2699 parietem
1904 2608 1974 2661 sunt
2004 2598 2087 2663 fixae
2116 2599 2213 2664 elaris

1285 2764 1345 2828 Ubi
1368 2765 1469 2830 malos
1493 2765 1585 2850 adfigi
1608 2768 1701 2831 nimio
1723 2686 1986 2850 tueiilmiiiaius.

1344 2914 1399 2987 De
1422 2942 1460 2987 re
1482 2943 1610 3010 magna
1632 2923 1866 2994 concionatur
1885 2945 2027 3007 servus,
2064 2936 2236 2994 ettamen

1245 3018 1343 3087 iocus
1366 3032 1418 3089 est
1438 3022 1616 3092 admixtus
1646 3025 1821 3112 comicus,
1854 3028 1898 3095 de
1923 3024 2072 3116 figendis
2102 3028 2148 3095 ad
2177 3049 2237 3120 pa-

1244 3121 1368 3190 rietem
1383 3116 1590 3194 hominibus
1611 3127 1795 3218 improbis.
1842 3125 1938 3198 llaec
1956 3122 2239 3213 commemorari,

1245 3234 1286 3292 ut
1307 3224 1545 3295 adolescentes
1570 3231 1838 3299 commonefacti
1860 3233 1902 3298 de
1929 3229 2105 3316 consiliis,
2131 3253 2238 3326 qnare

1245 3324 1401 3416 primurn
1426 3325 1575 3418 scriptae
1597 3327 1816 3420 Tragoediae
1839 3346 1873 3403 et
1893 3329 2127 3418 Comoedias,
2147 3333 2237 3405 etde

1247 3451 1369 3495 earum
1397 3421 1549 3498 utilitate
1581 3431 1751 3503 libentius
1786 3459 1842 3504 eas
1876 3448 1912 3504 et
1942 3435 2081 3526 saepius
2111 3436 2238 3526 legant.

1246 3526 1420 3600 Promitto
1437 3532 1541 3599 etiam
1562 3533 1611 3600 eis
1631 3529 1696 3605 hoe
1721 3551 1949 3620 eventurum,
1975 3550 2011 3605 ut
2028 3560 2100 3628 quo
2125 3538 2240 3629 legent

1247 3631 1403 3720 saepius,
1428 3657 1467 3702 eo
1486 3635 1596 3723 magis
1611 3638 1847 3708 admiraturus
1864 3655 1897 3711 et
1914 3650 2115 3724 amaturos,
2140 3654 2174 3710 et
2187 3640 2237 3711 le-

1247 3746 1364 3802 cturos
1382 3758 1438 3803 eas
1454 3736 1620 3809 avidius.
1657 3736 1753 3808 Bene
1769 3742 1857 3814 vale.
1909 3736 2055 3809 Calend.
2073 3738 2236 3815 Ianuarii.

1350 4591 1434 4664 epra.
1454 4593 1501 4647 ns.
1521 4593 1554 4649 v,
1574 4615 1600 4666 p.
1621 4596 1672 4651 srs
1690 4565 1740 4669 ‚qs

1247 4746 1414 4822 Marco
1439 4744 1660 4825 Crodelia
1687 4754 1940 4950 (gabelum
1962 4752 2133 4832 scholam
2146 4756 2236 4832 Tor·

1658 4880 1805 4952 gensem

1247 4965 1293 5057 S·
1319 4983 1362 5061 D.
1415 4984 1628 5059 Charissime
1651 4989 1784 5065 Marce.
1838 4991 2060 5068 Commendo
2086 5001 2155 5070 tibi
2178 4993 2236 5068 bot

1249 5091 1339 5159 duos
1374 5091 1610 5161 adolescentes
1645 5094 1798 5165 duorum
1831 5098 2049 5186 optimorum
2085 5100 2237 5172 virorum

1249 5191 1359 5276 filios,
1393 5189 1548 5262 Pastoris
1571 5186 1794 5283 Bornensis,
1825 5211 1859 5268 et
1884 5197 2158 5273 Contionatoris
2180 5189 2241 5274 Ci-

1250 5290 1397 5377 tiensis,
1422 5287 1612 5366 Iohannis
1633 5293 1741 5383 Vota,
1767 5300 1940 5386 arbitror,
1966 5316 2161 5400 utrumque
2178 5302 2243 5381 tibi

1251 5411 1376 5468 notum
1400 5420 1482 5466 esse.
1540 5395 1734 5469 Bornensis
1763 5403 1869 5473 etiarn
1893 5406 1986 5477 valet
2012 5407 2182 5497 ingenio,
2211 5421 2243 5480 et

1251 5498 1450 5570 eruditione
1465 5501 1642 5592 praeclare
1659 5502 1852 5577 instructus
1872 5520 1934 5579 est.
1985 5505 2188 5583 Mittuntur
2201 5510 2245 5583 ad
