4868 6420
103 302 182 382 en
616 388 618 397 ,
673 288 1108 373 urrsrosanun
1164 290 1374 372 nin.1x.
1425 291 1561 373 ests.
2066 298 2144 377 aaa

104 472 212 552 uobis
232 472 273 547 in
293 484 449 544 mentem
465 473 634 559 veniunt,
665 467 748 566 quia
768 463 836 540 bac
854 479 958 539 nocte
979 463 1102 537 amisi·
1150 463 1285 564 gatio⁴)
1306 470 1551 542 commendata
1576 472 1795 564 sperabatur.
1845 469 1917 544 Sed
1939 499 1961 546 o
1980 497 2058 567 spes
2072 469 2142 547 ho-

104 600 186 649 mus
226 576 483 646 adolescentem
521 565 834 671 Christophorum
867 560 1101 653 Eschmann,
1148 570 1288 640 minum
1309 572 1426 645 fallax.
1483 571 1527 661 ln
1551 568 1618 643 hoc
1639 598 1745 645 cursu
1767 573 1985 668 optimorum
2005 579 2142 650 studio-

106 671 364 772 Ulcenium*),
396 677 461 770 qui
484 692 525 749 ut
545 676 688 768 ingenio
707 667 1101 755 Tibullum'r'elerebat,
1148 695 1229 741 rum
1253 672 1457 761 adolescens
1475 675 1566 744 febri
1589 699 1775 769 oppressus
1800 699 1880 745 cum
1903 679 2138 762 decubuisset,
2187 725 2191 731 ·

105 778 158 852 ita
177 779 250 850 fato
267 778 376 863 simili
394 778 584 849 immatura
598 791 710 848 morte
726 774 899 845 extinctus
914 786 977 847 est.
1028 770 1099 843 Sed
1150 773 1226 843 dies
1247 775 1515 867 quatuordecim
1535 776 1628 846 iuter
1641 791 1723 860 vota
1740 792 1774 848 et
1795 777 2055 851 invocationem
2072 783 2139 854 filii

104 877 177 953 hoc
189 880 329 951 felicius
345 880 535 966 concessit,
564 881 664 973 quod
685 878 723 946 in
742 876 967 947 invocatione
981 870 1051 943 Dei
1067 887 1100 944 et
1150 873 1235 961 Dei,
1267 871 1462 973 animam‘)
1486 875 1562 948 Deo
1583 879 1753 950 reddidit:
1788 903 1853 949 nec
1877 882 1973 950 enim
1999 885 2137 971 dubito,

107 982 236 1053 fiducia
256 981 322 1050 lilii
342 978 410 1050 Dei
430 981 569 1051 domini
591 979 704 1051 nostri
725 975 806 1048 Iesu
823 973 958 1047 Christi
979 1000 1021 1044 ex
1043 969 1100 1042 his
1148 1002 1231 1048 eum
1255 977 1324 1046 iam
1348 977 1387 1045 in
1408 980 1477 1048 alia
1497 980 1602 1070 longe
1626 981 1819 1051 eruditiore
1839 996 1874 1053 ct
1889 984 2138 1077 tranquilliore

108 1083 288 1154 aerumnis
313 1096 477 1153 evocatus
499 1097 569 1168 est,
607 1095 644 1153 et
668 1081 815 1150 fuerunt
842 1102 959 1148 mores
989 1075 1100 1168 ipsius
1151 1073 1280 1150 Schola
1295 1103 1389 1164 esse,
1412 1104 1451 1150 ac
1474 1082 1589 1173 ipsum
1609 1084 1733 1153 audire
1756 1098 1792 1154 et
1806 1083 1926 1154 videre
1942 1081 2138 1173 Christum,

106 1177 209 1278 pleni
227 1183 367 1275 pietatis
390 1196 426 1254 et
448 1183 603 1257 virtutis.
660 1178 866 1252 Dolendum
888 1193 958 1259 est,
990 1176 1100 1247 eccle·
1150 1175 1344 1270 Prophetas
1363 1196 1397 1253 et
1417 1179 1618 1274 Apostolos.
1670 1183 1791 1273 Quare
1812 1185 1878 1255 etsi
1901 1187 1969 1279 ipsi
1991 1190 2137 1280 quidem

108 1286 200 1355 siam
223 1284 381 1354 amittere
403 1284 487 1356 talia
510 1283 675 1374 ingenia,
707 1305 797 1374 quae
830 1280 953 1351 multis
977 1281 1101 1370 profu·
1151 1276 1245 1350 nihil
1269 1282 1354 1351 mali
1370 1284 1514 1354 accidit:
1552 1297 1671 1354 tamen
1685 1283 1863 1357 Ecclesiae
1886 1313 1989 1360 causa
2013 1293 2136 1365 doleo:

108 1401 192 1458 tura
211 1397 332 1471 erant,
371 1397 406 1455 ct
428 1385 578 1474 gloriam
603 1384 670 1455 Dei
693 1384 925 1455 illustratura.
981 1378 1101 1468 Quare
1151 1397 1185 1453 et
1202 1398 1349 1474 propter
1373 1385 1485 1476 ipsius
1503 1399 1669 1473 matrem,
1695 1388 1752 1457 cui
1769 1402 1822 1473 te,
1847 1393 1928 1460 etsi
1950 1416 2055 1485 quem
2072 1423 2138 1468 vo·

107 1485 228 1558 Deum
249 1509 409 1566 oremus,
439 1501 481 1559 ut
500 1487 689 1559 seminaria
715 1484 880 1554 ecclesiae
902 1494 1034 1565 servet,
1068 1493 1102 1551 et
1152 1486 1202 1554 les
1224 1481 1393 1555 adhibere
1414 1487 1543 1566 alium,
1584 1513 1690 1582 quam
1710 1489 1786 1559 lieri
1807 1506 1921 1580 potest
1948 1496 2137 1570 mollisime

106 1586 229 1660 studia
243 1586 301 1678 pia
315 1601 467 1662 tueatur.
517 1585 641 1658 Funus
665 1588 723 1657 fiet
736 1581 820 1656 huic
833 1575 1103 1677 Christophoro
1153 1601 1303 1656 mortem
1319 1586 1385 1655 filii
1401 1588 1597 1677 significare
1614 1591 1788 1677 volumus,
1815 1604 1848 1663 et
1864 1596 1993 1664 addere
2001 1590 2033 1692 ⁶)
2050 1625 2138 1670 con-

107 1685 287 1775 hora12.,
300 1691 345 1759 ad
361 1691 456 1783 quod
473 1690 650 1760 studiosus
665 1687 854 1757 convenire
867 1687 976 1756 decet.
1006 1680 1105 1753 Con·
1154 1689 1343 1758 solationes
1357 1712 1457 1758 veras
1474 1715 1515 1757 ex
1530 1691 1672 1761 coelesti
1689 1693 1850 1763 doctrina
1866 1712 2036 1787 sumptas:
2060 1699 2137 1774 Deo

108 1791 257 1862 veniant
274 1804 391 1862 autem
407 1791 445 1859 in
458 1787 630 1882 Collegio.
666 1786 734 1858 Die
750 1783 1104 1863 d.Iiecembr.1543.
1155 1789 1315 1859 evocanti
1332 1813 1399 1859 nos
1414 1793 1610 1882 parendum
1623 1815 1708 1863 esse.
1739 1790 1788 1865 Et
1802 1794 1876 1886 lilio
1886 1792 1914 1893 ⁷)
1932 1799 1996 1869 etsi
2011 1816 2166 1892 optan-,

1155 1893 1200 1961 da
1213 1891 1354 1980 longior
1368 1888 1440 1962 vita
1454 1893 1534 1961 fuit:
1563 1906 1681 1964 tamen
1703 1896 1775 1966 iam
1791 1897 1899 1968 fuisse
1915 1904 2082 1993 adeptum
2099 1932 2140 1979 ea

1113 2072 1119 2086 .
1154 1994 1270 2083 bona,
1295 2017 1384 2086 quae
1399 1994 1586 2087 praecipue
1599 1989 1740 2065 homini
1760 2004 1954 2089 expetenda
1978 2019 2078 2077 sunt:
2106 2024 2141 2082 et

1156 2109 1301 2187 propter
1323 2119 1413 2188 quae
1434 2109 1527 2166 aetas
1549 2098 1719 2186 grandior
1737 2102 1891 2190 optanda
1901 2099 1930 2198 ⁸)
1947 2120 2015 2186 est,
2040 2109 2141 2180 vide-
2167 2167 2170 2175 .

80 2190 182 2265 -Νο,
196 2188 311 2264 2809.
988 2192 1107 2264 ἄθεοι
1156 2193 1274 2293 licet⁹)
1289 2197 1485 2269 doctrinam
1502 2200 1699 2275 coelestem.
1750 2199 1853 2273 Hanc
1870 2203 1942 2276 iam
1957 2207 2141 2298 didicerat,

117 2286 295 2317 Μ
979 2284 1108 2313 Μ’
1158 2313 1263 2370 norat
1276 2295 1413 2385 Deum,
1435 2314 1470 2370 et
1486 2300 1598 2371 filium
1613 2302 1705 2373 eius:
1733 2318 1768 2374 et
1783 2303 1914 2377 sciebat
1932 2332 2015 2379 vore
2037 2309 2142 2384 invo.

335 2370 493 2459 Bernh.
523 2368 889 2485 Baumgarilwwo
955 2410 958 2415 ’
1159 2416 1276 2472 cantes
1299 2400 1427 2491 spiritu
1451 2416 1570 2473 sancto
1589 2403 1728 2475 renasci
1753 2407 1797 2475 ad
1820 2407 1930 2478 vitam
1952 2424 2142 2490 aeternam.

1159 2498 1321 2575 Ardebat
1336 2502 1411 2572 eius
1425 2526 1525 2573 mens
1537 2504 1665 2576 fiducia
1679 2505 1744 2575 filii
1760 2502 1839 2594 Dei,
1865 2533 1970 2602 quem
1987 2536 2068 2582 vere
2085 2517 2145 2586 in-

1158 2607 1322 2677 vocabat:
1350 2619 1384 2676 et
1397 2628 1498 2697 saepe
1513 2607 1602 2680 alios
1617 2609 1777 2682 docebat.
1828 2606 1898 2680 Hic
1914 2613 2007 2689 vitae
2020 2637 2144 2692 cursus

1158 2731 1240 2775 vere
1252 2708 1380 2798 dignus
1394 2721 1445 2777 est
1458 2708 1579 2777 laude:
1603 2720 1637 2778 et
1649 2710 1749 2799 prius
1763 2711 1937 2800 discessit,
1953 2741 2059 2810 quam
2077 2718 2148 2789 im-

1158 2807 1301 2899 plicitus
1325 2825 1376 2881 est
1398 2808 1572 2897 negociis,
1597 2821 1636 2879 ut
1656 2833 1740 2898 nos,
1765 2810 1805 2879 in
1822 2814 1952 2907 quibus
1973 2842 2047 2889 non
2063 2845 2147 2912 pos-

1160 2923 1244 2979 sunt
1266 2935 1340 2981 non
1362 2911 1518 2981 accidere
1539 2911 1717 2985 scandala.
1783 2909 1837 2984 De
1858 2919 2004 3008 morbo,
2038 2924 2146 2996 audio

291 3080 300 3099 .
414 3079 422 3098 .
662 3080 669 3098 ι
716 3079 724 3097 ⁰
912 3078 920 3096 .
960 3079 967 3096 ‚
1160 3011 1312 3082 similem
1325 3011 1452 3083 febrim
1468 3011 1595 3098 luisse,
1622 3013 1738 3105 qualis
1754 3037 1850 3086 anno
1865 3022 2047 3111 superiore
2061 3018 2163 3097 Lus

140 3081 317 3166 Ulsslmls
341 3104 460 3152 ⁰m⁸⁶⁰
475 3076 802 3163 ⁸¹¹⁰·0720l155m’
827 3073 1084 3178 Phlhl'lm
1160 3105 1258 3181 theri
1277 3114 1386 3207 filiam
1408 3112 1567 3185 extinxit.
1632 3112 1771 3187 Tantus
1791 3117 1831 3186 in
1853 3142 1895 3189 eo
1918 3126 2035 3215 pudor
2067 3130 2146 3214 fuit,

469 3176 757 3256 M⁶l⁰⁰¹h⁰n
1158 3228 1256 3303 tanta
1283 3218 1353 3285 mei
1375 3215 1589 3300 reverentia,
1621 3228 1663 3286 ut
1684 3214 1774 3289 mihi
1799 3219 2148 3320 indicarenotueric,

112 3300 165 3393 S.
187 3316 235 3391 D.
286 3311 503 3389 Charissime
525 3308 763 3385 Bernharde:
797 3309 876 3385 Etsi
899 3325 1037 3384 tantum
1059 3328 1111 3385 est
1160 3341 1196 3386 se
1213 3331 1403 3406 aegrotare·
1453 3312 1526 3388 Sed
1545 3329 1664 3388 tamen
1685 3322 1841 3392 medicos
1863 3327 2060 3418 consuluit,
2085 3335 2148 3427 qui

113 3420 340 3491 miseriarum
358 3417 601 3512 publicarum,
623 3416 768 3512 ut'bene
789 3415 845 3506 agi
867 3439 948 3486 cum
970 3415 1014 3485 iis
1037 3417 1111 3486 eri·
1160 3417 1217 3513 (ut
1240 3415 1365 3515 audio)
1391 3418 1508 3489 statim
1531 3418 1736 3495 iudicarunt
1755 3417 1885 3494 lethale
1907 3431 2041 3500 malum
2064 3457 2149 3510 esse.

114 3522 335 3599 stimandurn
353 3520 418 3602 sit,
449 3519 571 3613 quiex
596 3514 662 3587 hac
676 3512 748 3589 vita
764 3531 975 3602 evocantur,
1007 3541 1110 3610 prae·
1160 3519 1254 3589 Novi
1268 3515 1337 3590 hoc
1355 3542 1465 3611 genus
1479 3519 1653 3606 febrium,
1677 3545 1760 3593 narn
1774 3525 1922 3597 biennio
1939 3532 2076 3627 aliquot
2097 3538 2149 3610 sic

115 3624 241 3695 sertim
263 3621 403 3712 cognita
425 3621 586 3692 doctrina
604 3619 668 3688 filii
684 3616 769 3688 Dei:
804 3633 922 3690 tannn
942 3641 1110 3707 maguum
1159 3623 1294 3692 mortui
1310 3636 1408 3693 sunt:
1435 3615 1580 3713 intus¹⁰)
1601 3623 1701 3692 ardet
1717 3640 1855 3715 pectus,
1880 3640 1914 3699 et
1928 3650 2093 3709 arescunt
2112 3653 2149 3711 et

115 3725 223 3798 nobis
253 3723 414 3794 dolorem
443 3736 478 3792 et
506 3721 643 3792 luctum
671 3720 790 3791 attulit
817 3743 913 3789 mors
938 3710 1109 3790 Christo·
1160 3724 1428 3794 inflammantur
1440 3725 1559 3791 farrces
1573 3718 1607 3793 et
1619 3723 1752 3814 lingua.
1791 3724 1978 3800 Caeterum
2002 3759 2067 3807 nec
2083 3741 2150 3810 do-

114 3821 232 3928 phora·
244 3816 484 3895 Esedmanni
494 3818 521 3917 ¹)
538 3821 717 3902 Ulcensis‚
744 3821 909 3914 discipuli
921 3821 984 3894 tui.
1019 3820 1111 3891 Nul·
1160 3826 1216 3893 lor
1244 3848 1392 3912 magnus
1427 3822 1594 3908 sentitur,
1628 3849 1693 3895 nec
1723 3829 1853 3899 mentis
1879 3853 1980 3909 error
2005 3842 2150 3917 accedit.

118 3927 268 4004 lumin
300 3939 373 4015 tota
405 3925 600 3995 Academia
634 3922 817 4014 ingenium
846 3922 914 4013 ipsi
946 3922 1109 4011 praetuli.
1159 3918 1425 4006 Lulherifilia,
1452 3914 1816 4022 utCitristopdorus:
1841 3932 2079 4022 placidissime
2104 3945 2150 4019 de

23 4102 30 4113 ,
117 4031 305 4121 Scribebat
325 4027 477 4098 solutam
497 4025 713 4109 orationem,
744 4037 781 4094 et
800 4047 922 4093 versus
938 4019 1045 4118 ita²),
1071 4037 1110 4093 ut
1158 4026 1236 4098 Deo
1260 4040 1294 4098 et
1318 4029 1362 4097 de
1386 4027 1650 4097 immortalitate
1673 4029 1786 4100 animi
1805 4055 1845 4102 ac
1860 4028 1993 4108 Christi
2015 4040 2150 4119 benefi-

115 4147 278 4204 veternm
299 4130 525 4199 laudatorum
545 4126 758 4217 scriptorum
775 4125 929 4195 nitorem
945 4125 1109 4210 reserret3
1159 4131 1222 4199 ciis
1238 4130 1466 4213 disseruerat,
1497 4151 1587 4218 pene
1612 4151 1726 4221 usque
1751 4134 1796 4201 ad
1816 4146 2007 4209 extremam
2029 4145 2150 4235 spira.

118 4235 159 4304 in
186 4225 423 4323 Philosophia
456 4251 539 4298 vera
568 4240 605 4297 et
634 4225 798 4297 doctrina
831 4220 1041 4296 Christiana·
1061 4225 1111 4297 ita
1160 4232 1306 4307 tionem.
1357 4229 1559 4302 Talis'cutn
1580 4222 1968 4331 luerithnbtopdori
1987 4246 2137 4319 morbus

117 4326 403 4432 promoverat’),
440 4343 483 4400 ut
509 4328 605 4400 docti
626 4328 855 4397 disserentem
877 4349 1110 4416 magnacum
1160 4332 1327 4424 temporis
1343 4342 1404 4400 aut
1418 4329 1482 4401 lati
1499 4330 1723 4421 deploremus
1738 4333 1905 4433 casum¹¹)
1921 4322 1986 4411 nec
2001 4304 2149 4438 quaeras

118 4434 354 4513 admiratione
367 4430 547 4515 audirent.
596 4424 644 4499 Et
666 4423 731 4497 has
750 4429 850 4498 dotes
866 4427 1017 4497 ornabat
1034 4451 1112 4496 mu-
1160 4457 1239 4505 mus
1254 4433 1340 4505 alias
1359 4455 1488 4506 causas·
1522 4426 1632 4501 Plena
1648 4445 1733 4506 sunt
1750 4429 1908 4511 bumana
1923 4442 2147 4529 miseriarum

119 4537 254 4624 destia,
284 4549 321 4606 et
338 4533 469 4627 pietate
487 4553 628 4601 morum
644 4529 783 4602 eximia.
834 4526 1113 4599 Gratulabamur

116 4636 355 4731 Reipublicae
376 4646 411 4704 et
422 4629 619 4716 Ecclesiae,
652 4631 750 4723 quod
767 4627 832 4700 tali
846 4628 989 4718 ingenio
1004 4627 1111 4719 paulo

118 4753 202 4834 P0st
221 4737 405 4815 <loculum
426 4735 507 4831 piae
528 4746 563 4807 et
582 4728 745 4802 salutaris
760 4729 918 4840 d0f⁸⁰⁸i⁰
934 4742 970 4801 ⁰¹
982 4747 1123 4823 propa·
1196 4778 1225 4851 4)
1242 4773 1331 4862 nant,
1349 4774 1400 4829 eos
1417 4773 1562 4842 mensum
1576 4791 1607 4840 ρ.
1617 4791 1648 4842 μ.
1661 4775 1691 4830 e
1707 4774 1797 4829 aaron
1813 4779 1952 4832 aarum
1969 4781 2025 4850 aes.
2042 4801 2150 4854 ampo.

1222 4856 1362 4915 ,gnoti-rx·

120 4940 332 4981 -ι-τ-κ
1197 4936 1224 5003 5)
1241 4928 1330 4985 Manl.
1348 4934 1448 4981 votum
1460 4943 1511 4997 pro
1524 4933 1593 4980 voto
1605 4932 1633 4981 et
1647 4931 1785 4980 amaram
1796 4943 1848 5003 pro
1862 4931 2002 4989 animem.

154 5060 185 5148 ‘l
202 5073 240 5129 s.
257 5091 276 5128 ο
313 5071 359 5127 tao
378 5070 506 5128 uernae.
546 5066 610 5125 ua.
631 5068 666 5124 a·
686 5087 720 5124 eo
741 5066 819 5141 epse
835 5069 869 5124 aa
889 5067 989 5123 sema
1011 5067 1114 5124 usum·
1197 5014 1489 5174 {³ffissffflff'*

189 5153 280 5216 pren.
312 5138 537 5196 .5.1)ecb.b.a.
1198 5192 1225 5257 g)
1244 5187 1310 5247 Mn,
1328 5183 1462 5249 petenda,

181 2551 397 2679 Maulgillarrag.
412 2570 437 2624 p.
451 2550 503 2607 244
511 2570 572 2623 sqq.
583 2581 620 2596 -
642 2551 827 2624 Apograpbun
840 2549 869 2605 in
883 2549 945 2606 cod.
956 2548 1039 2604 Goth.
1050 2547 1108 2605 191.

216 2641 244 2696 Ρ·
292 2661 302 2676 ·
787 2681 791 2687 .

113 2776 287 2876 Egregia
310 2772 512 2848 eruditione
532 2785 564 2848 et
587 2775 716 2848 virtute
737 2771 908 2875 praedito
930 2774 1024 2857 viro,
1055 2772 1109 2846 D.

112 2873 393 2953 Bernhardo
417 2874 457 2949 B
472 2903 497 2948 a
513 2905 536 2948 u
553 2903 667 2973 mga
687 2885 733 2947 rt
751 2902 775 2947 n
790 2900 807 2946 e
823 2901 897 2961 ro,
929 2877 1110 2971 magistro

113 2976 403 3079 Philosophiae,
441 2975 585 3052 docenti
607 2978 765 3077 optimus
789 2988 888 3048 artes
912 2979 953 3051 in
976 2974 1110 3076 oppido

157 5233 189 5301 l)
203 5228 270 5285 ntes.
284 5225 462 5292 menum,
476 5221 564 5277 Manl.
577 5219 732 5276 Βοηησηη.

153 5315 187 5384 ί)
204 5313 252 5368 δίο
264 5317 329 5364 met.
363 5306 416 5364 Sed
429 5305 517 5361 Mml.
527 5305 672 5373 praetuli,
690 5306 752 5359 sive
763 5306 895 5361 sorberet
906 5306 958 5359 eol.
971 5305 1116 5364 eretriae

190 5394 307 5436 verm:
322 5380 364 5431 ita
375 5385 429 5431 etc.
654 5390 662 5401 ⁶

154 5468 186 5537 9)
203 5461 295 5520 bisul.
307 5465 493 5528 promoveret.
509 5505 512 5509 .

116 5537 424 5614 harenosae.
449 5533 590 5602 Vonv.
