4868 6420
190 344 266 422 set
575 304 579 316 ’
717 275 723 283 ’
771 333 1202 413 nmsnonanuu
1265 336 1375 413 me.
1409 337 1475 417 1x.
1528 335 1674 463 stes.
2115 425 2118 431 ,
2155 342 2229 418 sae

190 516 372 591 difficilem
398 536 483 588 esse.
541 507 639 608 Heni
658 516 723 606 τῆς
742 514 1005 608 καταστροφῆς
1028 532 1186 580 conven-
1235 505 1430 609 εὐαγγέλια
1451 512 1620 585 afferebat
1644 514 1689 583 de
1708 509 1956 608 Hieronymo,
1988 535 2048 582 me
2068 513 2226 605 placavit.

192 636 269 705 tus,
297 618 360 713 qui
378 617 447 687 fnit
468 616 507 685 in
528 617 618 685 urbe
632 613 880 705 vangionum,
907 614 971 684 etsi
993 611 1185 680 Homerica
1235 610 1340 682 Nunc
1361 612 1465 684 mitto
1488 615 1673 705 epistolam
1695 618 1740 685 ad
1768 617 1914 686 fratrem
1937 616 2107 706 scriptam
2138 641 2224 708 pene

193 720 289 796 ὅσσα
303 720 475 810 quaedam
498 718 664 801 nunciat,
689 731 807 787 tamen
829 730 899 786 ate
914 715 1065 785 certiora
1081 735 1186 803 expe·
1233 709 1555 812 γτρμανίζουσαν,
1585 713 1696 806 ⁴Quod
1712 718 1743 786 si
1758 717 1813 786 vis
1829 742 1906 788 eam
1926 718 2144 801 accuratius,
2168 732 2225 791 ant

194 838 262 899 cto.
312 818 411 892 Bene
425 833 460 890 et
473 819 624 889 feliciter
639 819 727 888 vale.
778 815 847 887 Die
865 818 924 891 10.
942 814 1093 904 Augusti
1103 807 1153 909 ¹⁵).
1235 815 1305 886 alia
1325 811 1497 888 sententia
1520 819 1647 900 scribi,
1684 818 1856 889 iudicium
1878 814 1969 887 mihi
1992 831 2095 889 tuum
2119 819 2226 910 signi·

771 914 886 992 ,Phil
908 913 1134 991 Melanthon.
1235 917 1356 1004 ficato,
1378 934 1473 989 certo
1489 920 1539 989 sic
1555 921 1687 1006 sentio,
1711 945 1785 991 non
1800 920 1883 1013 qnia
1899 932 2025 990 natura
2041 943 2121 990 sum
2138 923 2225 991 mol-

1236 1008 1325 1104 lior,
1358 1022 1419 1089 sed
1444 1021 1526 1114 quia
1547 1022 1622 1090 vidi
1643 1022 1799 1113 exempla
1821 1017 1928 1092 huius
1950 1023 2092 1111 generis
2117 1014 2222 1096 multa

1236 1121 1422 1207 salutaria,
1448 1135 1483 1194 et
1497 1147 1634 1213 possem
1648 1124 1750 1193 valde
1765 1123 1878 1194 multa
1894 1125 2053 1197 recitare.

1337 1222 1455 1293 Hodie
1477 1249 1615 1295 mecum
1637 1227 1771 1295 amicus
1784 1239 1904 1294 noster
1919 1218 2074 1305 δάσκιος
2093 1225 2223 1296 locutus

194 1320 262 1395 No.
280 1317 395 1395 5248.
1022 1327 1078 1388 10.
1093 1319 1177 1402 Aug·
1237 1338 1304 1393 est:
1331 1327 1393 1418 qui
1417 1326 1547 1414 cogitat
1568 1328 1611 1395 de
1637 1326 1853 1415 proiectione
1875 1327 1912 1394 in
1938 1326 2079 1398 Italicas
2095 1324 2225 1397 Acade-

200 1416 373 1447 Μ
1008 1409 1181 1438 ’Ν
1236 1426 1337 1499 mias.
1389 1427 1517 1498 Totam
1542 1452 1617 1496 rem
1640 1428 1801 1501 dissuasi.
1852 1427 1961 1500 Mitto
1978 1429 2048 1498 tibi
2063 1442 2101 1499 et
2113 1422 2223 1499 Late-

470 1515 620 1599 Iooeb.
654 1512 913 1602 CamerariO.
1239 1525 1340 1596 rensi
1367 1528 1522 1620 picturas
1551 1530 1667 1599 nostri
1693 1529 1838 1621 oppidi,
1868 1553 1930 1601 seu
1958 1531 2079 1623 potins
2106 1524 2225 1624 κώμης

260 1642 716 1750 aaa..ac.m...1.p.e⁷.q.
742 1671 795 1741 (ea.
809 1669 898 1726 tana.
912 1668 962 1726 tn.
979 1668 1028 1725 1v.
1047 1687 1090 1740 ep.
1104 1671 1186 1751 era).
1236 1623 1420 1725 ἡμετέρας·
1472 1628 1582 1721 Spero
1600 1644 1717 1749 1³¹⁰?ss
1732 1632 1922 1751 versiculos
1936 1632 2041 1704 vohis
2055 1633 2224 1725 ν0109136

1237 1731 1325 1804 lore.
1375 1730 1472 1801 Bene
1490 1733 1578 1806 vale.
1632 1730 1933 1821 ldrbusAngusta.

195 1823 423 1904 Clarissimo
447 1825 524 1896 viro
546 1819 749 1896 eruditione
773 1832 805 1893 et
831 1821 960 1893 n‘rtuu
979 1820 1190 1921 praestanti
1799 1830 1989 1926 Philippus
2004 1831 2181 1909 Melanch,

195 1926 354 2007 10οώ
373 1924 436 2044 -Ca
444 1953 491 1999 Μ’
512 1921 613 2088 Ρώῖ
629 1951 749 2088 “two
775 1934 806 2086 ef
822 1921 959 2088 smlsl·
972 1949 1040 1995 suo
1059 1949 1187 2088 εἶπές.
1337 1993 1416 2087 Ago
1438 1999 1567 2089 gratias
1580 1997 1657 2070 Deo
1677 2015 1820 2072 aeterno
1838 2003 1931 2094 patri
1944 1982 2098 2074 Domini
2121 2005 2226 2076 nostri

195 2064 239 2155 S.
265 2077 310 2154 D.
360 2077 513 2149 Litteras
547 2069 671 2142 Scauri
699 2066 863 2141 Alesrum
895 2073 961 2141 t1b1
992 2073 1188 2141 reddidisse
1238 2095 1317 2169 lesu
1335 2096 1486 2185 Christi,
1519 2104 1615 2194 quod
1636 2098 1955 2201 Hieronymumt)
1978 2105 2126 2195 coniugi
2148 2130 2226 2176 ,mg

85 2261 88 2265 ,
195 2206 310 2277 ⁸Per⁰o
360 2171 675 2293 cumquihesissd,
691 2169 895 2292 Sabinum,
920 2186 1054 2291 {esium
1078 2169 1189 2242 habe·
1238 2217 1273 2272 et
1300 2201 1420 2271 liberis
1440 2204 1615 2288 restitnit,
1648 2220 1681 2274 et
1710 2231 1852 2295 precor,
1884 2218 1925 2277 ut
1948 2229 2016 2278 nos
2044 2208 2227 2297 gubernet,

196 2310 273 2358 rem
286 2280 530 2361 tabellarium,
552 2301 678 2367 scripsi
693 2289 733 2346 ut
746 2276 820 2343 fibo
837 2288 897 2344 tuo
911 2276 1099 2364 significet,
1111 2298 1188 2343 ma·
1238 2326 1321 2372 nam
1337 2299 1429 2372 mihi
1445 2305 1652 2396 impendent
1668 2308 1754 2376 novi
1769 2304 1923 2406 ἀγῶνες,

197 2403 288 2461 trem
317 2384 532 2451 incolumem
563 2402 654 2460 esse,
687 2392 722 2447 et
741 2377 916 2467 peperisse
937 2376 1064 2447 filium.
1123 2375 1188 2459 Te,
1231 2410 1234 2415 >

199 2484 373 2585 quantum
387 2504 529 2576 possum
544 2504 627 2558 oro,
654 2492 694 2548 ut
707 2477 905 2546 valetudini
919 2472 1187 2545 honestissimae

199 2586 360 2677 coniugis
391 2599 471 2654 tuae
494 2581 683 2669 diligenter
702 2580 875 2648 consulas.
932 2576 1049 2648 Deum
1081 2579 1186 2648 etiarn
1228 2574 1240 2591 “

198 2705 380 2765 aeternum
404 2698 540 2778 patrem
563 2681 701 2750 domini
722 2681 835 2751 nostri
856 2679 934 2749 lesu
951 2675 1084 2750 Christi
1107 2704 1188 2771 pre·
1246 2669 1314 2740 No.
1329 2668 1442 2743 5250.
2077 2688 2138 2751 13,
2155 2680 2229 2766 Aug

199 2818 280 2879 cor,
306 2803 347 2861 ut
369 2802 404 2858 et
416 2785 520 2856 Publ.
534 2781 749 2867 Ecclesiam,
781 2795 815 2851 et
841 2795 936 2851 tuam
960 2782 1188 2851 domesticam
1239 2766 1450 2800 m
2058 2773 2226 2804 *ἃ

200 2906 326 2968 servet.
369 2886 537 2960 Arbitror
549 2908 614 2954 nos
630 2880 760 2953 habere
777 2884 971 2952 crebriores
987 2883 1188 2955 tabellarios
1512 2868 1669 2953 Eidem
1701 2869 1957 2958 cameraria

200 3000 246 3068 ad
267 2995 366 3064 littus
379 2988 584 3071 Bellicum,
609 3010 715 3079 quam
738 2997 782 3058 le.
838 2982 959 3072 Quare
980 2985 1012 3052 sl
1032 2985 1119 3076 quld
1143 2985 1188 3053 ad
1289 3005 1375 3079 Epist.
1390 3006 1423 3062 ad
1436 3007 1575 3066 Gamerae.
1588 3031 1616 3083 p.
1628 3012 1679 3067 625
1692 3032 1751 3085 sqq.
1765 3013 1819 3084 (ed.
1834 3013 1926 3070 Lond.
1938 3015 1986 3071 lib.
2001 3013 2053 3071 lv.
2073 3035 2104 3090 p.
2116 3016 2193 3088 675.)ι

201 3098 368 3171 Sciumm
383 3091 577 3180 scripturus
593 3110 647 3167 es,
673 3086 777 3155 nobis
792 3086 931 3155 mittere
946 3086 1088 3176 poteris.
1164 3129 1169 3146 ,

302 3192 357 3265 De
379 3193 422 3261 iis
448 3192 554 3260 rebus
579 3191 623 3258 de
647 3188 777 3283 quibus
799 3211 913 3279 nuper
929 3187 1072 3278 scripsi,
1099 3209 1189 3280 qnae
1243 3147 1316 3222 Vn
1317 3175 1338 3221 ⁰
1372 3160 1509 3249 ⁰P²m²⁰
1542 3161 1651 3251 ΜΨ
1684 3151 1830 3274 θιξῑώὸ·
1863 3154 1918 3228 D·
1948 3156 2232 3258 H⁸⁸⁶7⁰⁰Jm⁰
2270 3213 2275 3224 ·

203 3303 249 3371 sit
269 3322 345 3367 mea
361 3294 543 3376 voluntas,
568 3314 658 3383 qnae
672 3290 864 3365 sententia,
891 3312 981 3380 quae
998 3311 1092 3379 spes,
1114 3312 1189 3357 non
1478 3242 1673 3325 camera
1687 3280 1756 3327 '⁸⁰
1780 3252 1991 3354 Pab‘fi’me

203 3402 331 3494 opinor
346 3398 450 3482 longa
465 3391 796 3462 commemoratione
819 3390 911 3480 apud
938 3402 972 3458 te
993 3386 1083 3458 mihi
1102 3413 1192 3482 opus
1241 3367 1286 3455 S·
1308 3378 1354 3455 D.
1406 3382 1489 3455 Scio
1504 3410 1567 3480 uos
1583 3411 1623 3456 ea
1636 3389 1827 3480 sapientia,
1843 3388 1911 3462 Dei
1925 3393 2125 3483 beneficio,
2139 3420 2232 3489 prae·

204 3527 289 3576 esse.
325 3497 589 3591 συκοφαντιῶν
604 3485 645 3563 di
663 3487 709 3563 οὐ
727 3484 876 3586 σφόδρα
885 3486 984 3583 μέλει
997 3486 1083 3583 μοί,
1105 3508 1206 3583 quas·
1242 3484 1336 3554 ditos
1359 3505 1449 3568 esse,
1474 3501 1509 3556 et
1531 3488 1580 3559 ita
1597 3512 1666 3559 usu
1687 3503 1723 3559 et
1743 3492 1851 3562 rebus
1866 3496 2000 3585 asperis
2017 3499 2233 3585 exercitatos,

204 3619 239 3677 et
259 3600 401 3690 retegit,
434 3609 469 3666 et
489 3596 619 3664 refutat
643 3608 791 3683 tempus.
855 3591 937 3663 Scio
961 3614 1027 3661 nos
1050 3594 1088 3661 in
1109 3593 1192 3663 odio
1242 3599 1284 3656 ut
1304 3608 1405 3677 saepe
1426 3589 1650 3682 multumque
1673 3592 1850 3682 cogitetis,
1876 3597 1919 3666 de
1942 3596 2037 3668 vitae
2060 3594 2232 3673 h‘umanae

205 3729 299 3789 esse,
323 3712 468 3793 propter
490 3697 734 3790 qualecunque
756 3693 914 3765 studium
938 3717 1039 3763 verae
1061 3696 1195 3765 doctri·
1243 3687 1412 3775 ῐῦἱθθῑὶἱὸ,
1444 3691 1489 3758 de
1504 3715 1625 3773 earum
1645 3695 1776 3764 caussis
1797 3708 1833 3767 et
1854 3697 2044 3775 levatione.
2100 3700 2231 3774 flamm

206 3829 290 3886 nae,
312 3827 351 3872 ac
366 3802 436 3869 iam
451 3799 538 3868 olim
553 3798 602 3866 ita
617 3796 742 3866 induxi
761 3794 939 3880 animum,
960 3809 999 3865 ut
1014 3790 1099 3865 haec
1113 3797 1193 3865 odia
1244 3789 1341 3858 enim
1363 3814 1482 3859 rerum
1508 3793 1743 3865 consideratio
1768 3809 1803 3866 et
1826 3799 1976 3890 aspectio
2000 3824 2137 3894 magna
2158 3827 2232 3897 pars

207 3909 387 3977 moderate
403 3915 437 3971 et
451 3901 608 3968 modeste
621 3900 713 3967 ferre
729 3897 953 3973 decreverim.
992 3893 1090 3966 Bene
1106 3899 1195 3984 vale,
1245 3903 1298 3961 est
1319 3891 1533 3983 sapientiae,
1569 3908 1604 3964 et
1618 3897 1735 3965 ,bonis
1754 3900 1933 3971 mentibus
1956 3906 2158 3977 necessaria
2179 3920 2234 3978 est.

209 4010 268 4078 die
281 4007 328 4080 X.
340 4000 504 4095 Augusti.
735 4025 738 4036 ·
1246 3991 1350 4063 Scitis
1373 4006 1614 4088 autemsaepe
1646 3998 1860 4070 calamitates
1882 4002 2137 4093 indignatione
2164 4009 2235 4077 ani-

769 4093 958 4192 Philippus
974 4097 1149 4175 Melanch,
1246 4117 1405 4178 morum,
1429 4116 1469 4164 ac
1484 4096 1690 4168 durioribus
1702 4102 1859 4171 consiliis
1873 4106 2096 4194 exacerbari,
2121 4124 2233 4183 contre

1247 4219 1330 4264 vero
1347 4194 1471 4276 leniri,
1498 4222 1578 4268 cum
1600 4222 1675 4268 non
1692 4201 1801 4271 nimis
1814 4199 2042 4277 vehementer
2063 4233 2234 4303 repugna-

1247 4318 1337 4369 mus.
1395 4296 1572 4377 sicinio
1602 4322 1638 4369 se
1662 4303 1832 4372 contrarii
1860 4307 2066 4378 coelestium
2098 4314 2234 4384 orbium

208 4433 275 4504 No.
291 4420 403 4507 8249.
1031 4437 1090 4498 13,
1104 4426 1187 4511 Aug,
1248 4411 1384 4482 motus,
1415 4416 1617 4490 congruunt
1645 4415 1781 4489 tamen,
1811 4406 1895 4499 quia
1913 4409 2148 4502 rapidissimo
2167 4439 2235 4485 ma.

216 4523 388 4559 *Ν
1020 4519 1193 4569 *ἂν
1249 4498 1320 4584 tui,
1345 4499 1433 4569 alter
1449 4502 1672 4594 obsequitur,
1699 4505 1764 4575 etsi
1780 4507 1907 4578 leniter
1921 4529 2117 4604 repugnat:
2143 4541 2233 4612 prae-

618 4623 788 4713 Eidem'
1249 4600 1351 4690 cipue
1365 4624 1450 4671 vero
1466 4602 1505 4671 in
1519 4603 1715 4676 liberorum
1731 4623 1932 4681 nostrorum
1946 4614 2092 4688 casibus
2109 4618 2231 4714 aliquid

279 4776 364 4850 aa.
378 4773 412 4830 a
425 4768 726 4842 anemonen·
746 4767 1184 4844 .........n.1v....u.,.
1249 4703 1448 4876 latit
1458 4700 2065 4908 1οῑττοῖοτοαἰαῖ
2083 4711 2235 4914 {liiii

211 4909 437 4990 Clarissimo
456 4906 552 4999 viro,
577 4899 781 4977 eruditione
801 4913 833 4975 et
850 4903 979 4978 uirtute
991 4907 1204 5005 praestanti
1249 4904 1362 4975 multa
1386 4929 1661 4978 commemorare
1680 4934 1818 5001 possem
1842 4914 1882 4985 iu
1902 4931 2084 5014 utranque
2100 4940 2237 5016 partem,

255 5008 498 5088 [oachim
523 4998 646 5083 Cam.
670 5001 765 5083 Pub.
791 5007 911 5079 amico
934 5032 1003 5080 suo
1029 5008 1158 5087 cnress.
1251 5005 1315 5075 ubi
1329 5005 1406 5075 vidi
1425 5008 1578 5080 leniores
1599 5014 1791 5086 sententias
1812 5016 1894 5088 totis
1908 5018 2058 5092 familiis
2073 5026 2235 5099 salutaret

211 5134 258 5228 s·
283 5146 330 5231 D,
393 5142 586 5218 succensui
610 5144 666 5235 τῷ
689 5133 957 5237 (πυροφόρα),
995 5147 1090 5238 quod
1123 5147 1201 5220 sine
1250 5106 1548 5229 fuisse·‚‘·asper·io
1577 5136 1632 5182 res
1654 5138 1738 5233 vero
1762 5117 1953 5189 admodum
1977 5124 2123 5198 auxisse
2144 5129 2236 5199 male·
2268 5124 2271 5132 ’

211 5253 301 5326 meis
315 5247 442 5321 litteris
456 5247 501 5316 ad
518 5258 552 5315 te
565 5244 743 5335 profectus
757 5257 818 5317 est.
858 5211 928 5316 Sed
943 5247 1103 5334 rediens,
1117 5251 1201 5343 quia
1251 5205 1404 5288 Mestum
1419 5210 1606 5312 Tubfflgae
1628 5213 1921 5292 ¹¹¹f¹⁵⁶⁰¹¹⁵¹¹llu¹¹¹
1936 5220 2137 5301 Ductorem
2153 5223 2235 5303 Cos

1258 5388 1462 5402 m

210 5416 438 5438 p...-

185 5510 188 5515 .
246 5507 277 5580 q.)
296 5503 359 5562 Alie
371 5518 468 5561 mentes
479 5470 622 5571 adscripsit
633 5513 697 5551 ann.
711 5493 788 5552 ests.
1283 5504 1313 5576 e)
1332 5507 1585 5579 sswmggfmem
