4868 6420
138 320 213 402 tes
714 284 1146 401 netsronanon
1205 323 1403 404 ctss.1x.
1459 327 1591 401 csta
2100 316 2175 396 tat

136 495 205 564 bns
228 486 262 563 et
281 491 377 562 vitae
398 490 633 565 animantium
654 498 848 583 conducat,
888 496 937 572 sic
962 497 1131 590 imperio·
1181 495 1372 587 cupiditate
1397 492 1451 566 tui
1473 494 1639 581 videndi,
1670 508 1723 580 et,
1756 479 1926 588 quantum
1955 481 2174 585 conceditur,

135 617 218 666 rum
247 592 400 686 impetus
425 596 669 667 moderatione
700 598 903 692 aliquorum
932 601 1131 690 sapientum
1181 599 1361 671 audiendi.
1412 595 1513 686 Legit
1539 596 1625 665 olim
1649 620 1812 667 accensos
1830 621 1949 666 amore
1969 595 2097 668 harum
2114 620 2173 669 ar·

136 696 183 767 ad
195 694 386 765 utilitatem
402 718 625 767 communem
644 695 787 794 flecti¹).
828 694 882 770 Ac
896 724 961 770 nos
977 702 1132 793 quidem,
1181 699 1272 768 tium
1288 722 1327 767 ex
1342 697 1489 768 Graecia
1507 698 1545 766 in
1561 693 1759 790 Aegyptum
1779 699 1959 787 navigasse
1971 695 2173 784 Eudoxum,

137 794 201 891 qui
216 795 346 867 scimus
362 792 556 867 Ecclesiam
577 800 654 868 lore
676 801 924 893 sempiternam
948 801 1130 892 defatigari
1180 796 1384 885 Platonem,
1424 795 1654 890 Euripidem,
1695 813 1748 883 et,
1787 812 1829 869 ut
1866 798 1968 869 Plato
2011 801 2173 886 affirmat,

138 898 178 967 in
193 897 387 967 excitandis
403 899 532 969 studiis
546 923 620 969 non
635 901 744 971 decet.
786 900 1046 982 Movebuntur,
1074 902 1132 970 in·
1181 900 1287 969 etiam
1312 900 1503 971 Socratem.
1559 896 1627 968 His
1651 900 1818 990 exemplis
1844 914 1878 970 et
1908 901 1981 992 ipse
2008 915 2173 971 movetur

136 997 217 1093 quit
231 994 428 1090 Propheta,
453 1000 592 1069 coelum
608 1016 644 1072 et
660 1017 773 1088 terra,
798 1016 832 1072 et
850 1000 946 1072 Deus
970 1004 1037 1073 erit
1054 1025 1133 1094 spes
1181 1002 1387 1091 praesertim
1408 1014 1448 1070 ut
1470 992 1644 1085 initalia,
1675 1025 1764 1095 quae
1788 1001 1910 1071 multis
1933 1000 2002 1069 iam
2025 1001 2173 1070 saeculis

136 1099 344 1193 populisui.
395 1097 535 1187 Quare,
561 1104 657 1194 quod
672 1103 776 1188 facis,
802 1125 907 1195 perge
920 1104 1043 1173 iuvare
1057 1118 1133 1175 stu·
1181 1102 1255 1170 sola
1288 1116 1339 1172 est
1370 1103 1560 1193 sapientiae
1593 1114 1629 1172 et
1661 1102 1903 1172 doctrinarum
1938 1102 2172 1182 domicilium,

138 1200 257 1270 diosus
271 1200 367 1270 bona
381 1224 461 1270 cum
476 1224 548 1294 spe,
573 1226 638 1273 nec
651 1205 826 1294 frangaris
842 1205 961 1275 animo
976 1204 1033 1274 vel
1048 1229 1132 1296 pro-
1181 1201 1400 1272 doctissimos
1424 1198 1587 1272 homiues
1608 1203 1726 1288 adeat,
1766 1217 1801 1274 et
1822 1227 1944 1273 comm
1972 1202 2173 1277 eruditione

137 1314 219 1395 pter
237 1299 362 1396 iniqua
385 1300 516 1373 civium
539 1304 671 1375 iudicia
692 1307 749 1374 vel
762 1320 906 1396 propter
920 1329 1042 1396 regum
1060 1322 1132 1376 tra·
1181 1304 1369 1375 excolatur.
1403 1301 1508 1373 Hane
1523 1305 1632 1391 igitur
1645 1305 1862 1374 voluntatem
1878 1326 1952 1373 non
1966 1303 2081 1372 solum
2097 1324 2172 1390 non

136 1401 293 1493 goedias.
342 1398 620 1475 ServabitDeus
640 1406 733 1476 inter
751 1403 947 1478 hosmotus
964 1407 1132 1501 reliquias
1180 1404 1506 1492 langueiacicndam
1533 1405 1676 1497 putavi,
1718 1406 1778 1474 sed
1803 1404 1921 1496 potius
1944 1404 2173 1501 incitandam.

136 1525 238 1588 suas,
270 1516 320 1587 et,
355 1516 397 1573 ut
424 1519 459 1576 te
491 1518 527 1574 et
551 1509 807 1597 rempublicam
830 1522 982 1577 vestram
1009 1521 1132 1591 servet,
1183 1504 1302 1596 ltaque
1325 1530 1403 1574 cum
1424 1518 1459 1574 te
1480 1520 1596 1575 nosset
1611 1531 1651 1575 ex
1667 1505 1906 1575 monumentis
1919 1504 1989 1575 tuis
2004 1502 2173 1575 eruditisss

136 1617 213 1675 toto
235 1616 378 1694 pectore
400 1629 482 1674 eum
503 1629 578 1680 oro.
627 1606 702 1677 Nos
725 1610 811 1678 dum
835 1610 918 1679 licet
943 1605 1005 1678 has
1029 1604 1132 1679 scho-
1180 1606 1293 1690 simis,
1331 1607 1441 1675 multa
1466 1622 1499 1677 et
1521 1631 1624 1699 saepe
1648 1610 1692 1676 de
1717 1608 1787 1677 tuis
1809 1606 2173 1697 sapientissimisser-

136 1705 276 1776 lasticas
300 1728 426 1796 operas
448 1702 525 1775 Deo
549 1707 695 1779 iuvante
718 1709 905 1790 iaciemus,
945 1709 1011 1781 etsi
1041 1733 1131 1802 pene
1180 1709 1347 1776 monibus
1367 1701 1480 1800 deque
1500 1704 1720 1778 humanitate
1747 1721 1804 1777 tua
1829 1710 1934 1798 digna
1957 1703 2171 1799 philosopho

136 1829 328 1878 consumor
343 1801 523 1902 dolore⁸),
554 1834 634 1879 cum
657 1834 731 1880 nou
754 1811 868 1880 solum
887 1834 977 1904 quae
994 1811 1133 1902 impen-
1180 1809 1332 1876 narravi.
1391 1806 1498 1878 Venit
1524 1811 1633 1898 igitur
1657 1809 1695 1877 in
1720 1833 1838 1900 spem,
1878 1809 1964 1877 tesi
1991 1808 2078 1902 quid
2106 1808 2174 1877 ali·

137 1910 225 1977 deut
240 1907 374 1997 cogito,
406 1910 467 1978 scd
487 1908 593 1978 etiam
608 1934 730 1980 causas
744 1935 786 1980 ex
801 1912 939 2004 aliquot
955 1935 1131 1982 annorum
1180 1912 1322 2000 quando
1348 1909 1586 1979 sciscitaturus
1607 1924 1712 1994 esset,
1743 1923 1816 1979 non
1839 1910 2009 1998 gravatim
2026 1930 2174 1999 respon·

136 2003 287 2079 historia
309 2004 471 2103 animo⁹)
491 2023 623 2102 repeto.
658 2010 824 2100 ‘Quoties
843 2014 997 2082 fremens
1017 2028 1052 2085 et
1074 2036 1131 2081 ar·
1179 2034 1301 2079 surum
1320 2034 1403 2082 esse.
1456 2010 1576 2097 Quare
1596 2012 1729 2102 petenti
1750 2013 1871 2080 literas
1885 2012 1930 2079 ad
1947 2023 1980 2079 te
1996 2011 2097 2093 dedi,
2121 2022 2173 2078 te·-

137 2112 228 2181 deus
248 2111 301 2181 ira
323 2104 693 2242 notonpapttoudqu
713 2107 777 2184 καὶ
797 2109 1009 2195 πλεονεξίαν
1032 2113 1131 2206 prin·
1180 2134 1249 2203 que
1265 2124 1409 2203 propter
1425 2106 1688 2203 philosophiam
1704 2137 1786 2196 oro,
1818 2124 1858 2181 ut
1881 2104 1976 2180 hunc
1994 2108 2174 2204 Hierony-

137 2211 257 2303 cipum
273 2208 487 2302 reprehendi
507 2210 551 2305 ⁰).
602 2211 705 2283 Nunc
722 2214 861 2295 vident,
892 2215 922 2283 si
942 2227 1060 2283 tamen
1078 2215 1132 2282 vi·
1180 2235 1277 2279 mum
1309 2236 1328 2279 a
1361 2226 1486 2281 natura
1515 2216 1557 2279 ad
1593 2213 1757 2282 virtutem
1781 2223 1815 2282 et
1842 2212 1948 2280 decus
1977 2212 2175 2297 incitatum,

137 2314 243 2396 dent,
273 2326 446 2406 quantum
472 2315 544 2383 sibi
567 2315 716 2406 periculi
737 2314 996 2384 accersiverint.
1054 2312 1132 2385 Ad·
1180 2326 1216 2382 et
1231 2326 1446 2403 expetentem
1465 2337 1537 2380 non
1555 2315 1718 2382 umbram
1737 2307 1998 2404 philosophiae,
2032 2314 2092 2382 sed
2113 2335 2175 2380 ve·

136 2409 209 2484 hnc
222 2410 290 2482 Dei
306 2415 476 2485 beneficio
491 2410 550 2484 hic
563 2416 791 2511 mediocriter
810 2416 978 2486 coluntur
996 2417 1132 2489 literae.
1181 2437 1238 2481 ras
1257 2414 1408 2481 etutiles
1423 2427 1530 2498 artes,
1564 2415 1804 2506 complectare.
1855 2409 1934 2483 Etsi
1958 2414 2052 2482 enim
2078 2436 2173 2482 nunc

136 2510 260 2583 Tuum
277 2514 438 2584 libellum
454 2510 672 2585 scholasticis
694 2515 733 2584 in
758 2518 923 2586 manibus
949 2540 1022 2586 esse
1047 2514 1132 2587 helec
1181 2514 1219 2581 in
1246 2507 1301 2581 his
1323 2515 1430 2583 tantis
1452 2515 1549 2582 orbis
1573 2529 1744 2585 terranem
1765 2514 1977 2585 tumultibus
1998 2511 2084 2582 haec
2100 2527 2174 2584 stu·

136 2615 294 2706 pagella,
326 2640 432 2708 quam
456 2616 579 2699 mitto,
605 2606 813 2711 indicat¹¹).'
851 2617 950 2689 Bene
974 2632 1008 2688 et
1028 2619 1132 2688 loeli-
1181 2615 1238 2683 dia
1258 2629 1430 2684 nonsunt
1449 2610 1656 2685 inhonore:
1691 2631 1809 2686 tamen
1825 2615 1967 2685 virtutis
1990 2637 2093 2683 causa
2114 2638 2175 2684 co·

136 2715 226 2786 citer
239 2715 330 2785 vale.
378 2713 546 2787 Calendis
560 2713 731 2787 Octobris
741 2714 796 2813 ¹²).
1181 2716 1285 2784 lenda
1304 2740 1377 2804 esse
1392 2731 1524 2801 censet3
1561 2731 1595 2786 et
1615 2729 1676 2800 tu,
1702 2716 1764 2809 qui
1779 2716 1924 2786 fatidica
1939 2728 2056 2785 mente
2073 2737 2174 2805 prae-

542 2818 544 2822 '
645 2846 836 2944 Philippu,
856 2848 1083 2925 Melanthon·
1182 2816 1277 2893 ditus
1303 2817 1414 2900 nosti,
1445 2841 1535 2908 quae
1558 2817 1646 2900 sint,
1678 2817 1935 2908 quaeiuerint,
1960 2830 2100 2908 etquae
2116 2816 2174 2895 sn·

1181 2932 1259 2988 tura
1280 2914 1487 3003 trahantur,
1527 2918 1731 3009 praedixisti
1755 2916 1939 3010 aliquanto
1966 2931 2044 3008 post
2075 2931 2175 2991 trau.

1181 3019 1347 3110 quilliora
1369 3015 1534 3108 Europae
1560 3014 1744 3108 tempora.
1785 3015 1862 3089 Hac
1886 3043 1947 3110 spe
1970 3019 2175 3089 adolescen-

1181 3120 1265 3189 tiam
1284 3121 1325 3186 ad
1344 3115 1407 3187 has
1424 3121 1629 3210 disciplinas
1643 3133 1679 3189 et
1696 3116 1832 3189 hortari
1853 3121 1971 3208 soleo,
2004 3133 2048 3193 et
2061 3133 2095 3188 te
2117 3143 2174 3189 ar-

136 3256 194 3333 No
223 3256 338 3334 2765·
961 3270 995 3346 (¹
1032 3270 1120 3352 Oct)
1182 3221 1293 3304 bitro,
1325 3219 1477 3290 libenter
1495 3221 1663 3290 adiuvare
1680 3221 1946 3312 ingeniosorum
1963 3220 2101 3305 studia,
2136 3233 2176 3289 ut

143 3314 318 3394 «ᾧ...
953 3317 1126 3390 ψ’Λζ
1181 3324 1223 3391 ad
1242 3320 1479 3410 posteritatem
1498 3321 1740 3392 doctrinarum
1761 3321 1934 3414 possessio
1954 3319 2176 3391 transmitta-

486 3442 538 3533 Β·
579 3439 782 3532 ‘'W‘'w·
1180 3417 1759 3611 tt..littltt‘ttltt.³.⁰
1773 3420 2014 3615 Hli‘ss‘lldi‘
2031 3423 2175 3593 titt&

1753 3574 1764 3605 2

204 3621 281 3690 *lss'
294 3619 492 3696 apognptoin
505 3622 568 3678 ωδ·
582 3623 716 3695 Putet).
732 3624 837 3683 law·
1179 3623 1314 3713 ingenii
1330 3623 1401 3691 vim
1426 3638 1460 3694 et
1486 3617 1696 3692 iudustriam
1716 3626 1760 3692 ad
1781 3616 1970 3694 utilitatem
1994 3623 2175 3715 publicam

628 3718 633 3730 '
1180 3738 1215 3794 et
1232 3727 1487 3810 conservandas
1503 3720 1667 3795 honestas
1688 3739 1780 3796 artes
1805 3724 2062 3796 collocaturum
2089 3747 2175 3798 esse.

137 3767 364 3852 Clarissimo
397 3787 430 3849 et
462 3773 673 3852 doctissimo
698 3775 977 3869 eiro,·Lucae
1001 3777 1131 3854 Gan-
1179 3823 1382 3897 Benevaqe·
1501 3876 1506 3883 ‚

139 3880 256 3968 rico,
282 3902 383 3952 verae
401 3875 665 3978 philosophiae
683 3881 868 3970 antistiti,
892 3879 1131 3954 dominusne.

1842 3913 1847 3935 '
1918 3921 2018 4000 Phil.
2033 3856 2124 4000 illel.
2156 3970 2169 4022 ·.

136 4005 183 4099 S.
232 4028 377 4106 Clariss.
406 4045 441 4103 et
468 4032 611 4105 doctiss.
640 4035 708 4111 vir.
765 4034 856 4109 Cum
882 4036 1131 4133 Hieronymus

137 4125 348 4218 Schneider,
380 4131 706 4225 Norimbergensis,
738 4134 985 4230 philosophiae
1005 4140 1131 4210 studiis

139 4256 175 4302 se
191 4247 306 4303 totum
322 4235 514 4320 addixerit,
542 4260 582 4305 ac
597 4239 784 4330 praecipue
801 4240 998 4309 doctrinam
1015 4245 1130 4334 clesy-
1177 4229 1371 4354 Q·
2054 4238 2105 4315 (¹¹-
2122 4237 2163 4318 t.)

137 4335 264 4407 derum
295 4335 452 4407 motibus
477 4351 512 4409 et
532 4338 669 4409 viribus
693 4354 802 4427 amet,
843 4342 967 4432 flagrat
997 4342 1130 4429 lngfflll
1485 4388 1589 4477 Vno
1621 4382 1846 4477 'Theodoro

172 4624 543 4783 tutata,
557 4711 924 4784 „mmm
1249 4569 1819 4751 ‘utattatttttaa..aas
1833 4572 2057 4716 ‚astarte
2075 4592 2175 4649 ψ

173 4793 204 4862 9)
211 4795 345 4917 ἅπῖιοέο
342 4793 621 4918 alhutreodffleltn.
635 4797 831 4866 Dresd.,cod.
842 4798 954 4853 Monac.
967 4797 1011 4852 89.
1031 4805 1056 4852 et
1069 4797 1133 4855 cod.
1422 4751 1425 4755 '
1477 4793 1591 4868 Vilo
1623 4789 1883 4871 Theodoro.
1936 4895 1938 4899 ι

177 4945 219 5011 tn)
237 4943 309 4998 Proc
325 4945 440 5015 Quoties
443 4927 636 5014 stemmate.
649 4947 801 5020 apograph·
813 4949 926 5006 tabent:
940 4969 1055 5015 semper
1064 4954 1135 5005 mua·
1180 4913 1224 5004 S.
1243 4931 1289 5009 D.
1340 4928 1416 5003 Etsi
1433 4931 1573 5026 Lipsiae
1592 4932 1732 5023 copiose
1751 4936 1795 5002 de
1812 4935 2174 5006 excommunicatione
2283 4984 2290 4995 -

100 5048 113 5056 ,
208 5015 365 5080 poenum
377 5012 635 5088 πολυπραγμοσύνη
648 5019 852 5084 saturemus
864 5023 1072 5087 duplicuerunt.
1179 5030 1243 5107 καὶ
1263 5029 1344 5126 περὶ
1363 5026 1534 5126 μυήσεως
1553 5028 1618 5107 καὶ
1639 5030 1865 5116 εὐπιθὲσεως
1872 5042 2012 5132 χειρῶν
2028 5060 2176 5129 respon.»

176 5098 220 5165 ll)
238 5095 416 5167 apographa:
451 5098 588 5151 Celantur
603 5103 722 5168 literne,
754 5112 786 5156 ut
803 5121 843 5155 ex
855 5106 968 5171 pagello
988 5104 1131 5171 iudc'codc's,
1381 5137 1390 5155 .
1901 5137 1910 5154 ο
1997 5140 2007 5158 .
2051 5141 2061 5157 .

208 5182 295 5233 quam
307 5167 425 5238 ,·„„„,·‚
441 5175 471 5218 ut
486 5170 595 5239 ouem,
611 5178 690 5222 tuum
703 5171 826 5226 ,pam
836 5173 1009 5227 ,mm
1023 5175 1053 5226 ,·„
1067 5191 1133 5224 ma·
1181 5142 1263 5206 dere
1277 5150 1544 5214 constitueram,
1570 5150 1687 5206 tamen
1704 5148 1843 5205 tautum
1857 5139 1925 5206 furt
1940 5152 2174 5230 scriptionum

209 5234 371 5287 nauem.
932 5263 940 5334 ζ
1180 5239 1395 5318 subitarum,
1436 5249 1477 5321 ut
1495 5234 1745 5330 ffleronymus
1770 5250 1890 5308 noster
1898 5231 2080 5334 ')testari
2104 5263 2174 5332 po·

176 5315 220 5386 ts)
238 5316 401 5387 Apogrepba
422 5314 526 5371 addunt
544 5334 664 5374 euntem:
690 5320 766 5378 tata
782 5353 821 5366 -
855 5320 972 5377 Dauum
989 5323 1132 5394 beremi-
1172 5340 1177 5352 ¹
2052 5362 2055 5366 ’

208 5382 304 5439 uotam
324 5384 418 5438 retulit
431 5382 464 5437 ad
478 5401 543 5439 ann.
559 5385 634 5442 1646.
668 5388 764 5445 Editor
780 5389 843 5446 libri
858 5386 919 5444 vlu
938 5411 997 5448 um
1018 5391 1131 5450 inseruit

208 5449 331 5524 epistolis
342 5469 417 5507 euno
430 5451 507 5508 tw.
519 5453 636 5527 seriptis.
986 5504 990 5508 .
1212 5460 1245 5534 *J
1260 5461 1422 5538 Sdueider,
1439 5461 1485 5535 qui
1500 5459 1644 5534 pertulisse
1657 5442 1800 5534 epistolam
1813 5423 2014 5536 Norinbergarr
2029 5461 2145 5519 videtur.
