4882 6426
193 374 270 452 sos
342 332 403 469 ,’

191 542 337 644 χιερεύς
351 539 559 627 contendit,
583 562 629 610 ne
644 535 852 611 instituatur
876 537 916 607 in
933 549 1114 608 conventu
1130 555 1198 608 συ-

197 643 358 746 ζήτησις.
407 644 507 718 Bene
522 642 611 717 vale.

763 738 953 836 Philippus
968 735 1147 813 Melanth.

198 979 1191 1010 fflmfflwm

870 1143 948 1224 (10.
967 1149 1016 1205 vel
1034 1151 1089 1212 12.
1104 1140 1200 1222 Dec.)

862 1236 1193 1273 m

614 1344 785 1431 Eidem.

266 1511 352 1583 Epist.
365 1511 398 1568 ad
414 1511 552 1568 Gamerae.
568 1525 597 1580 p.
610 1507 663 1564 581
674 1525 717 1578 sq.
738 1504 792 1573 (ed.
807 1503 897 1560 Lond.
912 1503 962 1561 lib.
974 1503 1025 1563 lV.
1041 1521 1083 1575 cp.
1097 1499 1180 1567 681).

208 1155 277 1229 No.
292 1155 405 1227 8327.

203 1253 417 1287 Μ

198 1659 424 1741 Clarissimo
447 1662 524 1736 viro
546 1657 751 1734 eruditione
779 1667 812 1730 et
839 1655 969 1728 virtute
988 1655 1203 1755 praestanti

248 1765 279 1839 I
283 1764 495 1840 oachimo
517 1760 553 1839 C
558 1790 640 1839 am.
664 1758 758 1836 Pab.
783 1759 903 1832 amico
923 1785 992 1832 suo
1018 1756 1148 1841 eariss.

197 1900 243 1991 S.
269 1917 315 1989 D.
365 1917 514 1990 Utinam
534 1929 636 1986 tuum
658 1913 728 1984 iter
740 1906 778 2008 *)
803 1915 958 1982 faustum
980 1912 1026 1981 sit
1047 1924 1082 1981 et
1104 1910 1200 1994 felix,

198 2036 235 2094 et
265 2017 551 2091 honestissimam
581 2016 768 2106 coniugem
789 2029 887 2086 tuam
918 2029 953 2085 et
976 2013 1199 2083 dulcissimos

200 2125 332 2209 liberos
356 2122 546 2192 incolumis
561 2120 758 2189 incolumes
773 2117 1020 2209 complectare.
1071 2114 1200 2186 Statim

202 2240 321 2298 autem
336 2239 524 2318 postquam
545 2223 612 2294 iter
626 2223 805 2311 ingressus
824 2243 881 2300 es,
909 2219 1041 2289 coniux
1057 2216 1102 2292 D.
1116 2210 1201 2286 La-

201 2323 301 2401 theri
324 2353 379 2397 me
404 2325 591 2397 admonuit
611 2327 656 2393 de
677 2324 762 2392 vino
787 2316 957 2406 Rhetico,
989 2345 1052 2391 seu
1071 2337 1112 2392 ut
1133 2345 1200 2389 no-

201 2456 285 2502 men
306 2431 474 2501 usitatum
501 2429 629 2497 diserte
651 2448 802 2516 ponam,
837 2422 1057 2496 Feltlinensi.
1120 2420 1200 2515 lpse

202 2535 309 2605 etiam
330 2535 374 2604 ad
393 2556 450 2600 me
465 2531 670 2602 ministrum
688 2527 806 2611 misit,
831 2551 871 2596 ac
889 2526 1033 2618 petivit,
1058 2539 1100 2595 ut
1114 2549 1201 2595 con-

202 2637 277 2728 iugi
304 2635 551 2727 gratificamur.
609 2629 724 2700 Valde
750 2630 860 2718 igitur
881 2643 915 2700 te
939 2653 1022 2711 oro,
1059 2641 1100 2698 ut
1123 2652 1201 2696 eam

202 2764 278 2810 rem
293 2762 393 2809 cures
409 2761 474 2828 pro
490 2749 550 2806 tua
567 2733 768 2825 prudentia.
826 2731 910 2801 Sive
927 2729 1083 2799 inveniri
1095 2722 1201 2799 Rise-

203 2840 334 2926 licam,
357 2841 431 2910 sive
452 2839 550 2908 aliud
573 2838 724 2908 rubrum
748 2830 879 2927 ὅμοιον
901 2832 1058 2901 inveniri
1072 2845 1202 2926 potest,

203 2945 339 3038 aliquid
357 2942 487 3013 mittas.
538 2937 642 3008 Hanc
658 2938 706 3007 ob
729 2960 869 3007 causam
884 2960 966 3004 mox
979 2949 1059 3005 meo
1082 2949 1202 3006 sumtu

202 3045 302 3119 hunc
324 3044 549 3117 tabellarium
572 3042 704 3110 advos
726 3038 901 3132 proficisci
924 3038 1025 3111 iussi.
1076 3035 1201 3108 Profe-

204 3163 261 3222 cto
285 3148 361 3242 ipsa
384 3171 460 3217 non
485 3145 560 3214 sine
580 3143 739 3236 periculo
755 3148 929 3230 aegrotat:
956 3139 1083 3210 defluit
1105 3137 1202 3208 euim

204 3253 354 3345 pituitae
376 3272 503 3339 magna
529 3247 630 3338 copia
652 3245 690 3313 in
714 3244 971 3323 ventriculum,
997 3257 1032 3313 ct
1046 3243 1204 3312 crudita-

204 3370 257 3426 tes
281 3380 320 3424 ac
340 3351 536 3421 insomnias
559 3349 589 3417 ei
613 3348 728 3417 affert.
788 3344 879 3415 lussi
908 3341 1006 3414 hunc
1029 3345 1204 3415 nuncium

145 3441 154 3457 ⁶
207 3472 340 3549 gestare
356 3454 576 3545 lagenulam‚
598 3451 629 3518 si
646 3473 753 3543 quam
769 3448 802 3517 ei
820 3449 947 3518 trades.
998 3445 1069 3517 Sed
1098 3447 1128 3516 si
1152 3446 1205 3516 ibi

208 3574 260 3631 est
281 3558 402 3647 auriga
424 3568 563 3638 noster,
587 3555 734 3623 fortasse
758 3551 978 3623 commodius
995 3546 1119 3634 vehet,
1144 3550 1205 3617 sed

207 3677 290 3733 tuae
304 3659 515 3752 prudentiae
541 3669 652 3726 totam
675 3678 750 3722 rem
767 3654 988 3725 commendo.
1040 3649 1205 3721 Precium

208 3764 313 3835 etiam
329 3785 391 3852 ego
409 3762 502 3830 bona
519 3758 587 3826 fide
611 3757 818 3829 numerabo.
871 3753 948 3824 Scis
971 3777 1027 3822 me
1049 3753 1206 3822 versicu-

208 3865 286 3935 lum
308 3885 496 3954 usurpasse
524 3860 563 3927 iu
589 3859 755 3951 epistola,
783 3880 889 3949 quam
911 3856 1035 3947 scripsi
1058 3853 1207 3925 Doctori

210 3961 451 4050 Sebastiano,
477 3959 553 4034 osia*
569 3956 726 4054 αἰσχρὸν
751 3951 1013 4053 ἀνθρώποισιν
1040 3949 1208 4049 ἀλλήλων

210 4066 319 4141 κακὰ.
380 4063 589 4137 Alficiamur
613 4062 863 4132 communibus
893 4056 1082 4129 hominum
1105 4083 1207 4129 aeru-

211 4174 322 4257 mnis,
353 4195 423 4263 qua
444 4168 482 4236 in
506 4192 543 4237 re
563 4167 634 4236 scio
657 4178 691 4234 te
710 4189 793 4234 vera
808 4165 939 4233 virtute
956 4163 1077 4232 omnia
1094 4162 1208 4231 officia

211 4275 401 4345 virobono
419 4272 525 4360 digna
543 4282 749 4361 praestare.x
775 4265 873 4336 Beue
890 4267 988 4351 vale,
1014 4265 1071 4334 die
1085 4267 1208 4335 eodem

212 4402 283 4470 quo
301 4375 387 4447 hine
403 4373 534 4446 abiisti.

774 4465 965 4562 Philippus
980 4467 1160 4544 Melanth.

575 4683 581 4689 .
591 4681 940 4690 ..n—*m--n-n-Q—
948 4683 995 4689 na.
1003 4683 1189 4692 ...q-..—

218 4686 505 4704 --------···
562 4685 569 4689 ,.

210 4831 277 4906 No.
293 4832 404 4906 5328.

212 4929 384 4958 Μ

831 4827 906 4909 (11.
932 4835 981 4892 vel
1010 4836 1068 4900 12.
1091 4829 1186 4914 Deo.)

804 4928 1194 4964 m*

583 5037 633 5129 G.
663 5037 839 5126 Sabino.

283 5210 369 5282 Epist,
382 5206 430 5262 lib,
443 5202 492 5259 Vl.
501 5220 532 5328 p.
545 5201 607 5256 291.
618 5230 656 5243 -
680 5199 733 5255 liic
747 5219 777 5254 er
790 5196 958 5281 autographo
970 5198 1000 5250 in
1015 5197 1078 5255 cod.
1091 5199 1174 5258 Mon.
1187 5202 1210 5257 l.

314 5299 341 5352 p.
356 5277 424 5346 296,
443 5293 497 5347 quo
531 5272 820 5339 sutem(ccrtenuuc)
834 5268 1014 5340 inscriptione
1028 5277 1113 5325 earet.
1142 5310 1144 5314 .

247 5512 279 5580 ²⁸¹)
298 5507 442 5563 Proiectus
461 5502 549 5556 iuerat
561 5497 638 5554 Cam.
650 5495 824 5578 Vitcbcrpsm
843 5504 873 5549 ut
891 5492 957 5549 ibid.
973 5492 1001 5549 d.
1015 5493 1043 5551 8.
1057 5492 1123 5550 119.
1138 5493 1209 5549 ch.

285 5579 388 5634 videret
400 5575 545 5631 Albertum
566 5570 674 5625 Ducem
685 5567 818 5620 Penestae.

770 356 1211 439 EPISTOLARUM
1268 361 1377 441 LlB.
1415 361 1482 442 IX.
1532 360 1670 443 1⁵45.

2179 366 2256 442 902

1248 524 1310 608 Cl.
1336 531 1452 624 Viro,
1476 494 1559 615 Dis.
1591 532 1794 635 Georgia
1819 535 2021 627 Sabino,
2049 560 2183 636 gessero
2208 536 2250 618 S.

1247 663 1294 755 S.
1320 680 1366 753 D.
1422 682 1612 756 Carissime
1635 684 1781 778 Georgi.
1843 687 2032 761 Praesente
2053 685 2250 764 Ioaelsimo

1248 785 1338 854 Viro
1373 788 1509 878 optimo
1543 789 1667 883 tuique
1698 790 1941 863 amantissimo
1983 791 2248 868 lllustrissimus

1247 885 1417 979 Princeps
1426 882 1465 986 *)
1488 891 1576 961 adeo
1603 887 1801 964 honorifice
1825 909 1859 966 et
1884 910 2046 967 amanter
2067 898 2111 968 de
2134 913 2168 970 te
2190 900 2248 971 lo-
2291 986 2298 993 ,
2414 886 2418 899 ’

1248 1004 1350 1060 cutus
1365 1003 1432 1073 est,
1459 1007 1628 1087 tuamque
1641 996 1922 1067 moderationem
1945 999 2181 1090 praedicavit,
2206 1015 2248 1073 ut

1249 1107 1285 1163 et
1299 1107 1420 1164 nostra
1436 1109 1470 1164 et
1484 1092 1640 1187 Reipub.
1657 1098 1848 1168 litterariae
1866 1123 1970 1170 causa
1985 1102 2089 1172 valde
2101 1102 2169 1173 sim
2185 1127 2247 1195 ga·

1248 1196 1355 1268 visus.
1415 1193 1493 1266 Oro
1522 1212 1639 1268 autem
1661 1198 1779 1270 Deum
1803 1215 1986 1273 aeternum
2007 1218 2144 1296 patrem
2170 1204 2247 1277 Do-

1249 1298 1341 1366 mini
1362 1301 1475 1370 nostri
1501 1297 1580 1370 lesu
1603 1297 1758 1389 Christi,
1791 1316 1885 1374 utet
1906 1307 2024 1375 studia
2046 1307 2246 1378 litterarum

1251 1402 1288 1468 in
1309 1400 1475 1471 universa
1490 1398 1648 1473 Ecclesia
1673 1418 1708 1475 et
1722 1410 1835 1475 v'estra
1853 1420 2013 1492 tueatur,
2036 1422 2071 1479 et
2087 1423 2120 1479 te
2136 1426 2245 1501 regat,

1249 1518 1290 1573 ut
1313 1503 1352 1570 in
1372 1504 1434 1572 illa
1450 1500 1605 1574 Balthici
1622 1508 1730 1575 maris
1745 1532 1808 1600 ora
1823 1507 1947 1580 literae
1965 1525 1999 1580 et
2013 1511 2174 1583 doctrina
2200 1517 2245 1585 de

1249 1606 1348 1690 Deo,
1375 1619 1409 1675 et
1426 1607 1589 1676 omnium
1611 1608 1784 1680 virtutum
1803 1611 1927 1680 officiis
1949 1612 2100 1682 feliciter
2116 1640 2247 1708 propa-

1249 1724 1388 1797 gentur.
1441 1705 1701 1800 Theologicum
1717 1708 2161 1811 ProfessoremSlapisylo
2181 1722 2245 1788 ad-

1250 1810 1349 1899 iungi
1364 1834 1464 1902 posse
1473 1807 1816 1906 AlesiamPrinceps
1831 1819 1986 1906 putabat.
2013 1816 2083 1887 Sed
2092 1814 2247 1888 Ioachi-

1250 1936 1332 1981 mus
1356 1925 1389 1981 et
1414 1936 1476 2002 ego
1503 1914 1695 2000 suasimus,
1720 1929 1760 1985 ut
1781 1930 1819 1986 tu
1842 1942 1984 2011 quoque
2000 1919 2038 1988 in
2056 1923 2246 1993 consilium

1250 2011 1463 2090 adhibeatis.
1514 2014 1591 2106 Ego
1615 2042 1690 2087 non
1713 2019 1804 2104 scio,
1837 2020 1917 2113 quis
1937 2021 2042 2091 initio
2067 2049 2248 2095 commen-

1250 2119 1344 2188 darit
1363 2111 1527 2187 Alesiam
1549 2118 1732 2212 Principi,
1766 2133 1800 2191 et
1821 2122 2044 2212 migrationis
2071 2127 2248 2218 cupidita·

1249 2235 1301 2291 tes
1325 2245 1400 2289 nou
1423 2221 1519 2290 soleo
1542 2223 1712 2311 probare,
1738 2236 1773 2294 ct
1787 2225 1898 2294 multa
1918 2249 2059 2310 vereor,
2085 2229 2151 2298 etsi
2167 2255 2246 2301 sum

1251 2322 1283 2393 ei
1300 2323 1446 2396 amicus.
1498 2322 1618 2412 Quare
1635 2325 1740 2410 scito,
1760 2348 1836 2394 non
1851 2327 2085 2417 probaturum
2104 2356 2160 2400 me
2176 2355 2249 2402 esse

1251 2427 1440 2495 consilium
1456 2427 1500 2495 de
1516 2430 1725 2498 accersendo
1742 2423 1889 2514 Alesia,
1912 2430 1984 2499 nisi
2000 2432 2065 2501 tibi
2086 2433 2132 2503 ita
2149 2434 2250 2505 vide-

1251 2528 1351 2599 bitur
1363 2521 1435 2621 **).

1256 2768 2091 2781 maun—mm..-u-w--..„

2093 2775 2149 2782 -...
2162 2773 2249 2791 ...4

1251 2920 1319 2992 No.
1335 2921 1446 2995 3329.

1260 3019 1433 3047 w

2089 2936 2146 2998 12.
2164 2929 2241 2995 Dec.

2073 3021 2246 3052 m

1523 3129 1579 3215 H.
1609 3124 1977 3240 Baamgartnero.

1326 3244 1410 3358 Epist.
1425 3284 1472 3341 lib.
1485 3285 1508 3334 V
1512 3285 1535 3338 l.
1549 3304 1575 3354 p.
1592 3285 1641 3337 116
1656 3303 1696 3355 sq.
1715 3315 1750 3327 —·
1774 3284 1826 3340 liic
1840 3305 1871 3339 er
1884 3285 2053 3357 autographo
2066 3286 2095 3341 in
2110 3289 2174 3343 cod.
2187 3289 2253 3344 Μο-

1354 3374 1414 3408 nac.
1430 3354 1449 3406 Ι.
1465 3374 1490 3423 p.
1506 3354 1560 3421 89,
1577 3353 1655 3407 cuius
1668 3366 1745 3426 tergo
1755 3355 1890 3425 adscripta
1904 3367 1982 3410 sunt:
2000 3393 2019 3426 „
2029 3357 2104 3412 1545.
2114 3358 2254 3417 tanecb.

1357 3444 1406 3495 per
1419 3422 1588 3478 Andream.''

1257 3563 1417 3645 Clariss.
1445 3574 1595 3644 viro-
1623 3572 1678 3650 D.
1692 3575 1975 3672 Hieronymo
1997 3575 2253 3676 Baragart·

1481 3701 1608 3764 nero,
1632 3675 1808 3748 Senatori
1831 3675 2031 3777 Noriberg.

1258 3805 1302 3894 S.
1329 3821 1374 3895 D.
1427 3822 1519 3894 Cum
1539 3826 1578 3893 in
1602 3824 1765 3918 Imperiis
1789 3842 1959 3921 tanquam
1981 3830 2020 3898 in
2047 3832 2254 3907 turbulento

1259 3921 1414 4018 hospitio
1447 3928 1654 3997 collocatam
1687 3952 1760 3998 esse
1779 3927 1848 3998 Dei
1873 3928 2070 4002 Ecclesiam
2094 3935 2257 4024 sciamus,

1260 4029 1452 4100 necessaria
1468 4030 1573 4100 nobis
1586 4026 1820 4124 Philosophia
1838 4046 1904 4117 est,
1930 4032 2143 4124 intelligere,
2163 4065 2255 4133 quo-

1260 4135 1367 4203 modo
1394 4145 1466 4201 tam
1487 4133 1602 4202 tristes
1628 4131 1865 4224 Imperiosum
1889 4137 2114 4207 conhrsiones
2137 4142 2270 4215 serem.
2288 4196 2306 4211 -.

1261 4239 1325 4306 dae
1349 4235 1439 4319 sint,
1480 4259 1595 4328 neque
1620 4248 1738 4304 tamen
1763 4239 1923 4307 descrere
1945 4235 2158 4327 Ecclesiam,
2192 4246 2254 4314 sed

1260 4363 1324 4408 suo
1342 4361 1517 4431 quemque
1532 4339 1609 4407 loco
1626 4338 1748 4407 iuvare
1763 4339 1944 4410 doctrinae
1959 4342 2075 4411 studia
2091 4358 2124 4413 et
2148 4345 2256 4417 disci-

1261 4442 1408 4534 plinam.
1464 4438 1544 4510 Etsi
1564 4440 1672 4530 igitur
1694 4441 1797 4510 multi
1822 4457 1905 4513 sunt
1935 4442 2086 4535 impetus
2113 4445 2255 4521 Princi-

1261 4568 1347 4635 pum
1371 4544 1410 4611 in
1432 4556 1582 4636 utraque
1601 4557 1700 4634 parte
1715 4544 1945 4635 deplorandi,
1971 4559 2089 4616 tamen
2112 4573 2171 4618 eos
2194 4552 2255 4638 ita,

1261 4660 1301 4718 ut
1326 4657 1572 4736 tempestatum
1601 4646 1808 4732 saeviciam,
1838 4646 2010 4732 ieramus,
2045 4673 2084 4718 ac
2111 4651 2255 4724 interim

1261 4763 1383 4819 nostro
1396 4749 1494 4832 loco,
1520 4748 1633 4818 sicubi
1650 4762 1700 4818 est
1712 4748 1868 4832 occasio,
1895 4752 2063 4841 prodesse
2076 4749 2255 4828 Ecclesiae

1261 4853 1483 4930 studeamus,
1510 4863 1545 4921 et
1567 4874 1746 4942 speremus
1765 4847 1882 4921 Deum
1906 4853 2019 4922 exitus
2036 4855 2254 4939 gubernatu.

1261 4978 1342 5024 rum
1356 4976 1449 5039 esse,
1463 4966 1502 5024 ut
1518 4953 1620 5024 toties
1637 4978 1759 5024 mones
1775 4977 1844 5023 vox
1859 4954 1999 5025 divina:
2025 4943 2254 5031 Commendo

1262 5155 1477 5167 *nauto——

1295 5251 1323 5324 Ι1)
1343 5251 1486 5321 hibertus,
1511 5250 1563 5302 dur
1578 5249 1719 5318 Prussise,
1744 5249 1790 5323 qui
1809 5251 1836 5306 d.
1854 5250 1879 5306 8.
1898 5260 1925 5304 et
1942 5253 1970 5306 9.
1986 5251 2076 5308 chr.
2097 5253 2171 5309 1545.
2190 5255 2251 5310 luc·

1327 5333 1370 5375 rat
1384 5320 1551 5389 Vitebergse.

1295 5420 1344 5490 **)
1372 5419 1432 5474 Alis
1451 5437 1547 5473 msuus
1564 5419 1718 5490 adscripsit:
1742 5420 1810 5472 bene
1829 5421 1922 5501 vole..
1943 5420 1996 5474 Sed
2016 5421 2094 5503 epist.
2112 5421 2208 5505 poitur
2227 5426 2254 5479 in

1330 5488 1517 5614 ppppgpla'pshsp:
1541 5489 1617 5559 quod
1636 5488 1774 5545 inclusum
1793 5487 1876 5542 fuisse
1899 5488 2004 5544 ssdetur
2022 5490 2082 5544 slus
2101 5490 2184 5547 literss
2202 5493 2254 5548 Ss-

1452 5624 1531 5701 67*
