<?xml version="1.0" encoding="UTF-8"?>
<!DOCTYPE html PUBLIC "-//W3C//DTD XHTML 1.0 Transitional//EN"
    "http://www.w3.org/TR/xhtml1/DTD/xhtml1-transitional.dtd">
<html xmlns="http://www.w3.org/1999/xhtml" xml:lang="en" lang="en">
 <head>
  <title>
</title>
<meta http-equiv="Content-Type" content="text/html;charset=utf-8" />
  <meta name='ocr-system' content='tesseract 3.04.00' />
  <meta name='ocr-capabilities' content='ocr_page ocr_carea ocr_par ocr_line ocrx_word'/>
</head>
<body>
  <div class='ocr_page' id='page_1' title='image "./philippimelanth13melagoog/philippimelanth13melagoog_0143.png"; bbox 0 0 4868 6420; ppageno 0'>
   <div class='ocr_carea' id='block_1_1' title="bbox 89 363 2130 475">
    <p class='ocr_par' dir='ltr' id='par_1_1' title="bbox 89 363 2130 475">
     <span class='ocr_line' id='line_1_1' title="bbox 89 363 2130 475; baseline 0 -29"><span class='ocrx_word' id='word_1_1' title='bbox 89 370 167 451; x_wconf 79' lang='lat' dir='ltr'>ees</span> <span class='ocrx_word' id='word_1_2' title='bbox 672 363 1109 445; x_wconf 76' lang='lat' dir='ltr'>ttplsTOLARUM</span> <span class='ocrx_word' id='word_1_3' title='bbox 1159 364 1268 446; x_wconf 74' lang='lat' dir='ltr'>rus.</span> <span class='ocrx_word' id='word_1_4' title='bbox 1292 364 1358 445; x_wconf 78' lang='lat' dir='ltr'>rx,</span> <span class='ocrx_word' id='word_1_5' title='bbox 1411 367 1543 447; x_wconf 79' lang='lat' dir='ltr'>ests.</span> <span class='ocrx_word' id='word_1_6' title='bbox 1899 470 1902 475; x_wconf 28' lang='lat'><strong><em>‚</em></strong></span> <span class='ocrx_word' id='word_1_7' title='bbox 2052 387 2130 465; x_wconf 73' lang='lat'>240</span> 
     </span>
    </p>
   </div>
   <div class='ocr_carea' id='block_1_2' title="bbox 47 530 2234 4686">
    <p class='ocr_par' dir='ltr' id='par_1_2' title="bbox 74 530 2234 2687">
     <span class='ocr_line' id='line_1_2' title="bbox 93 530 2128 646; baseline 0.007 -30"><span class='ocrx_word' id='word_1_8' title='bbox 93 557 181 617; x_wconf 89' lang='lat' dir='ltr'>runt</span> <span class='ocrx_word' id='word_1_9' title='bbox 211 543 393 629; x_wconf 90' lang='lat' dir='ltr'>distracta,</span> <span class='ocrx_word' id='word_1_10' title='bbox 424 556 466 615; x_wconf 91' lang='lat' dir='ltr'>ut</span> <span class='ocrx_word' id='word_1_11' title='bbox 498 543 633 636; x_wconf 89' lang='lat' dir='ltr'>ubique</span> <span class='ocrx_word' id='word_1_12' title='bbox 666 554 756 610; x_wconf 91' lang='lat' dir='ltr'>esset</span> <span class='ocrx_word' id='word_1_13' title='bbox 775 563 953 612; x_wconf 90' lang='lat' dir='ltr'>summum</span> <span class='ocrx_word' id='word_1_14' title='bbox 975 538 1086 608; x_wconf 90' lang='lat' dir='ltr'>silen-</span> <span class='ocrx_word' id='word_1_15' title='bbox 1137 530 1238 630; x_wconf 85' lang='grc' dir='ltr'><em>μόνα</em></span> <span class='ocrx_word' id='word_1_16' title='bbox 1254 561 1327 608; x_wconf 87' lang='lat' dir='ltr'>esse</span> <span class='ocrx_word' id='word_1_17' title='bbox 1342 564 1455 610; x_wconf 90' lang='lat' dir='ltr'>unum</span> <span class='ocrx_word' id='word_1_18' title='bbox 1472 542 1786 634; x_wconf 89' lang='lat' dir='ltr'>decognitoribus‚</span> <span class='ocrx_word' id='word_1_19' title='bbox 1811 552 1874 644; x_wconf 89' lang='lat' dir='ltr'>qui</span> <span class='ocrx_word' id='word_1_20' title='bbox 1890 554 2056 646; x_wconf 87' lang='lat' dir='ltr'>disiguati</span> <span class='ocrx_word' id='word_1_21' title='bbox 2073 562 2128 631; x_wconf 87' lang='lat' dir='ltr'>di·</span> 
     </span>
     <span class='ocr_line' id='line_1_3' title="bbox 93 639 2126 754; baseline 0.007 -37"><span class='ocrx_word' id='word_1_22' title='bbox 93 649 197 719; x_wconf 84' lang='lat' dir='ltr'>tium.</span> <span class='ocrx_word' id='word_1_23' title='bbox 250 644 359 716; x_wconf 88' lang='lat' dir='ltr'>Mane</span> <span class='ocrx_word' id='word_1_24' title='bbox 376 645 564 734; x_wconf 87' lang='lat' dir='ltr'>recognita</span> <span class='ocrx_word' id='word_1_25' title='bbox 578 644 717 737; x_wconf 90' lang='lat' dir='ltr'>insequi</span> <span class='ocrx_word' id='word_1_26' title='bbox 734 642 877 734; x_wconf 78' lang='lat' dir='ltr'>placuit.</span> <span class='ocrx_word' id='word_1_27' title='bbox 919 641 998 712; x_wconf 92' lang='lat' dir='ltr'>Hoc</span> <span class='ocrx_word' id='word_1_28' title='bbox 1017 639 1085 709; x_wconf 82' lang='lat' dir='ltr'>Hi·</span> <span class='ocrx_word' id='word_1_29' title='bbox 1139 653 1271 710; x_wconf 91' lang='lat' dir='ltr'>cuntur</span> <span class='ocrx_word' id='word_1_30' title='bbox 1296 643 1341 710; x_wconf 87' lang='lat' dir='ltr'>a&#39;d</span> <span class='ocrx_word' id='word_1_31' title='bbox 1358 646 1632 715; x_wconf 89' lang='lat' dir='ltr'>controversiam</span> <span class='ocrx_word' id='word_1_32' title='bbox 1645 646 1871 742; x_wconf 87' lang='lat' dir='ltr'>Lycaoniam.</span> <span class='ocrx_word' id='word_1_33' title='bbox 1922 652 2041 753; x_wconf 82' lang='lat' dir='ltr'>Atque</span> <span class='ocrx_word' id='word_1_34' title='bbox 2064 687 2126 754; x_wconf 85' lang='lat' dir='ltr'>ego</span> 
     </span>
     <span class='ocr_line' id='line_1_4' title="bbox 94 742 2128 860; baseline 0.009 -41"><span class='ocrx_word' id='word_1_35' title='bbox 94 747 231 840; x_wconf 82' lang='lat' dir='ltr'>spanici</span> <span class='ocrx_word' id='word_1_36' title='bbox 254 761 288 818; x_wconf 93' lang='lat' dir='ltr'>et</span> <span class='ocrx_word' id='word_1_37' title='bbox 310 745 425 816; x_wconf 90' lang='lat' dir='ltr'>Italici</span> <span class='ocrx_word' id='word_1_38' title='bbox 453 746 648 815; x_wconf 90' lang='lat' dir='ltr'>consiliarii</span> <span class='ocrx_word' id='word_1_39' title='bbox 678 745 880 836; x_wconf 89' lang='lat' dir='ltr'>impediisse</span> <span class='ocrx_word' id='word_1_40' title='bbox 903 757 1085 836; x_wconf 88' lang='lat' dir='ltr'>putantur.</span> <span class='ocrx_word' id='word_1_41' title='bbox 1139 742 1245 812; x_wconf 92' lang='lat' dir='ltr'>audio</span> <span class='ocrx_word' id='word_1_42' title='bbox 1260 743 1343 811; x_wconf 83' lang='lat' dir='ltr'>ferri</span> <span class='ocrx_word' id='word_1_43' title='bbox 1360 745 1581 816; x_wconf 90' lang='lat' dir='ltr'>conditiones</span> <span class='ocrx_word' id='word_1_44' title='bbox 1595 752 1790 822; x_wconf 91' lang='lat' dir='ltr'>mediocres</span> <span class='ocrx_word' id='word_1_45' title='bbox 1814 750 1908 847; x_wconf 80' lang='grc' dir='ltr'><em>ὑμῖν</em></span> <span class='ocrx_word' id='word_1_46' title='bbox 1924 756 1992 832; x_wconf 80' lang='grc' dir='ltr'>τὸν</span> <span class='ocrx_word' id='word_1_47' title='bbox 2006 788 2128 860; x_wconf 81' lang='grc' dir='ltr'><em>παρα-</em></span> 
     </span>
     <span class='ocr_line' id='line_1_5' title="bbox 95 839 2234 949; baseline 0.008 -29"><span class='ocrx_word' id='word_1_48' title='bbox 95 847 218 921; x_wconf 87' lang='lat' dir='ltr'>Secuti</span> <span class='ocrx_word' id='word_1_49' title='bbox 233 862 328 932; x_wconf 90' lang='lat' dir='ltr'>tum,</span> <span class='ocrx_word' id='word_1_50' title='bbox 351 872 552 941; x_wconf 79' lang='lat' dir='ltr'>quanquam</span> <span class='ocrx_word' id='word_1_51' title='bbox 571 848 702 932; x_wconf 87' lang='lat' dir='ltr'>serius,</span> <span class='ocrx_word' id='word_1_52' title='bbox 729 844 921 932; x_wconf 85' lang='lat' dir='ltr'>Germani,</span> <span class='ocrx_word' id='word_1_53' title='bbox 952 859 987 914; x_wconf 91' lang='lat' dir='ltr'>et</span> <span class='ocrx_word' id='word_1_54' title='bbox 1010 858 1087 915; x_wconf 91' lang='lat' dir='ltr'>tru-</span> <span class='ocrx_word' id='word_1_55' title='bbox 1138 839 1486 942; x_wconf 75' lang='lat' dir='ltr'>ypoaptadvlortasse</span> <span class='ocrx_word' id='word_1_56' title='bbox 1501 843 1722 922; x_wconf 90' lang='lat' dir='ltr'>huiusmodi:</span> <span class='ocrx_word' id='word_1_57' title='bbox 1746 859 2001 949; x_wconf 76' lang='lat' dir='ltr'>postulabitur,</span> <span class='ocrx_word' id='word_1_58' title='bbox 2016 880 2056 935; x_wconf 92' lang='lat' dir='ltr'>ut</span> <span class='ocrx_word' id='word_1_59' title='bbox 2071 892 2127 936; x_wconf 90' lang='lat' dir='ltr'>re·</span> <span class='ocrx_word' id='word_1_60' title='bbox 2226 853 2234 861; x_wconf 52' lang='grc'><strong><em>’</em></strong></span> 
     </span>
     <span class='ocr_line' id='line_1_6' title="bbox 96 945 2126 1046; baseline 0.009 -26"><span class='ocrx_word' id='word_1_61' title='bbox 96 951 264 1021; x_wconf 81' lang='lat' dir='ltr'>ciderunt</span> <span class='ocrx_word' id='word_1_62' title='bbox 279 951 434 1042; x_wconf 85' lang='lat' dir='ltr'>aliquos,</span> <span class='ocrx_word' id='word_1_63' title='bbox 458 963 492 1019; x_wconf 90' lang='lat' dir='ltr'>et</span> <span class='ocrx_word' id='word_1_64' title='bbox 504 950 699 1019; x_wconf 93' lang='lat' dir='ltr'>nonnullos</span> <span class='ocrx_word' id='word_1_65' title='bbox 717 961 897 1040; x_wconf 79' lang='lat' dir='ltr'>ceperunt.</span> <span class='ocrx_word' id='word_1_66' title='bbox 946 945 1088 1017; x_wconf 83' lang='lat' dir='ltr'>Dicitur</span> <span class='ocrx_word' id='word_1_67' title='bbox 1140 946 1304 1030; x_wconf 88' lang='lat' dir='ltr'>stitnant,</span> <span class='ocrx_word' id='word_1_68' title='bbox 1337 960 1377 1016; x_wconf 93' lang='lat' dir='ltr'>ut</span> <span class='ocrx_word' id='word_1_69' title='bbox 1398 949 1466 1039; x_wconf 91' lang='lat' dir='ltr'>ipsi</span> <span class='ocrx_word' id='word_1_70' title='bbox 1488 950 1608 1037; x_wconf 91' lang='lat' dir='ltr'>illum,</span> <span class='ocrx_word' id='word_1_71' title='bbox 1642 955 1836 1046; x_wconf 87' lang='lat' dir='ltr'>intelligis?</span> <span class='ocrx_word' id='word_1_72' title='bbox 1891 960 1982 1032; x_wconf 88' lang='lat' dir='ltr'>Nam</span> <span class='ocrx_word' id='word_1_73' title='bbox 2004 982 2126 1038; x_wconf 90' lang='lat' dir='ltr'>contra</span> 
     </span>
     <span class='ocr_line' id='line_1_7' title="bbox 95 1044 2129 1144; baseline 0.008 -23"><span class='ocrx_word' id='word_1_74' title='bbox 95 1053 271 1122; x_wconf 90' lang='lat' dir='ltr'>adductus</span> <span class='ocrx_word' id='word_1_75' title='bbox 295 1051 480 1121; x_wconf 91' lang='lat' dir='ltr'>Musurius</span> <span class='ocrx_word' id='word_1_76' title='bbox 496 1048 657 1121; x_wconf 89' lang='lat' dir='ltr'>Gallicus</span> <span class='ocrx_word' id='word_1_77' title='bbox 682 1054 760 1122; x_wconf 81' lang='grc' dir='ltr'>τῶν</span> <span class='ocrx_word' id='word_1_78' title='bbox 787 1045 932 1141; x_wconf 74' lang='grc' dir='ltr'><em>ταχέων</em></span> <span class='ocrx_word' id='word_1_79' title='bbox 953 1044 1009 1128; x_wconf 81' lang='grc' dir='ltr'>τὶς</span> <span class='ocrx_word' id='word_1_80' title='bbox 1042 1049 1087 1117; x_wconf 92' lang='lat' dir='ltr'>ad</span> <span class='ocrx_word' id='word_1_81' title='bbox 1139 1048 1357 1118; x_wconf 90' lang='lat' dir='ltr'>voluntatem</span> <span class='ocrx_word' id='word_1_82' title='bbox 1376 1048 1534 1120; x_wconf 79' lang='lat' dir='ltr'>Caesaris</span> <span class='ocrx_word' id='word_1_83' title='bbox 1552 1066 1585 1122; x_wconf 93' lang='lat' dir='ltr'>et</span> <span class='ocrx_word' id='word_1_84' title='bbox 1600 1057 1866 1144; x_wconf 89' lang='lat' dir='ltr'>permissionem</span> <span class='ocrx_word' id='word_1_85' title='bbox 1882 1066 2049 1137; x_wconf 86' lang='lat' dir='ltr'>ordinum</span> <span class='ocrx_word' id='word_1_86' title='bbox 2068 1096 2129 1139; x_wconf 84' lang='lat' dir='ltr'>re·-</span> 
     </span>
     <span class='ocr_line' id='line_1_8' title="bbox 94 1149 2127 1246; baseline 0.009 -22"><span class='ocrx_word' id='word_1_87' title='bbox 94 1151 294 1225; x_wconf 83' lang='lat' dir='ltr'>Caesarem.</span> <span class='ocrx_word' id='word_1_88' title='bbox 345 1150 621 1242; x_wconf 88' lang='lat' dir='ltr'>RogatCaesar,</span> <span class='ocrx_word' id='word_1_89' title='bbox 647 1152 868 1223; x_wconf 81' lang='lat' dir='ltr'>ubirexsit?</span> <span class='ocrx_word' id='word_1_90' title='bbox 917 1149 1088 1234; x_wconf 80' lang='lat' dir='ltr'><strong>Discedit,</strong></span> <span class='ocrx_word' id='word_1_91' title='bbox 1139 1149 1248 1218; x_wconf 90' lang='lat' dir='ltr'>tineri</span> <span class='ocrx_word' id='word_1_92' title='bbox 1283 1149 1321 1216; x_wconf 92' lang='lat' dir='ltr'>in</span> <span class='ocrx_word' id='word_1_93' title='bbox 1357 1168 1431 1220; x_wconf 86' lang='lat' dir='ltr'>rem</span> <span class='ocrx_word' id='word_1_94' title='bbox 1451 1153 1603 1221; x_wconf 89' lang='lat' dir='ltr'>alienam</span> <span class='ocrx_word' id='word_1_95' title='bbox 1625 1170 1769 1246; x_wconf 89' lang='lat' dir='ltr'>putatur</span> <span class='ocrx_word' id='word_1_96' title='bbox 1793 1184 1866 1232; x_wconf 90' lang='lat' dir='ltr'>esse</span> <span class='ocrx_word' id='word_1_97' title='bbox 1893 1165 2127 1242; x_wconf 83' lang='lat' dir='ltr'><strong>intolerabile.</strong></span> 
     </span>
     <span class='ocr_line' id='line_1_9' title="bbox 95 1249 2127 1370; baseline 0.012 -47"><span class='ocrx_word' id='word_1_98' title='bbox 95 1255 218 1348; x_wconf 88' lang='lat' dir='ltr'>inquit</span> <span class='ocrx_word' id='word_1_99' title='bbox 232 1251 371 1324; x_wconf 89' lang='lat' dir='ltr'>Gallus.</span> <span class='ocrx_word' id='word_1_100' title='bbox 411 1253 523 1337; x_wconf 90' lang='lat' dir='ltr'>Itane,</span> <span class='ocrx_word' id='word_1_101' title='bbox 540 1255 661 1348; x_wconf 91' lang='lat' dir='ltr'>inquit</span> <span class='ocrx_word' id='word_1_102' title='bbox 675 1252 822 1337; x_wconf 89' lang='lat' dir='ltr'>Caesar,</span> <span class='ocrx_word' id='word_1_103' title='bbox 847 1253 925 1321; x_wconf 86' lang='lat' dir='ltr'>fieri</span> <span class='ocrx_word' id='word_1_104' title='bbox 940 1265 1089 1344; x_wconf 90' lang='lat' dir='ltr'>oportet,</span> <span class='ocrx_word' id='word_1_105' title='bbox 1140 1249 1373 1320; x_wconf 89' lang='lat' dir='ltr'>Conditiones</span> <span class='ocrx_word' id='word_1_106' title='bbox 1389 1253 1497 1341; x_wconf 86' lang='lat' dir='ltr'>igitur</span> <span class='ocrx_word' id='word_1_107' title='bbox 1512 1278 1600 1345; x_wconf 91' lang='lat' dir='ltr'>quae</span> <span class='ocrx_word' id='word_1_108' title='bbox 1618 1259 1723 1329; x_wconf 81' lang='lat' dir='ltr'>sunt?</span> <span class='ocrx_word' id='word_1_109' title='bbox 1773 1260 1894 1335; x_wconf 88' lang='lat' dir='ltr'>Nescis</span> <span class='ocrx_word' id='word_1_110' title='bbox 1914 1261 2036 1345; x_wconf 77' lang='grc' dir='ltr'><em>πόθεν</em></span> <span class='ocrx_word' id='word_1_111' title='bbox 2052 1269 2127 1370; x_wconf 76' lang='grc' dir='ltr'>γὰρ</span> 
     </span>
     <span class='ocr_line' id='line_1_10' title="bbox 97 1347 2185 1463; baseline 0.01 -38"><span class='ocrx_word' id='word_1_112' title='bbox 97 1380 182 1425; x_wconf 89' lang='lat' dir='ltr'>cum</span> <span class='ocrx_word' id='word_1_113' title='bbox 204 1358 248 1425; x_wconf 92' lang='lat' dir='ltr'>de</span> <span class='ocrx_word' id='word_1_114' title='bbox 269 1369 426 1447; x_wconf 90' lang='lat' dir='ltr'>tempore</span> <span class='ocrx_word' id='word_1_115' title='bbox 442 1356 626 1428; x_wconf 88' lang='lat' dir='ltr'>conflictus</span> <span class='ocrx_word' id='word_1_116' title='bbox 647 1355 876 1427; x_wconf 79' lang='lat' dir='ltr'>convenerit?</span> <span class='ocrx_word' id='word_1_117' title='bbox 907 1353 1008 1439; x_wconf 90' lang='lat' dir='ltr'>Non,</span> <span class='ocrx_word' id='word_1_118' title='bbox 1031 1355 1088 1421; x_wconf 91' lang='lat' dir='ltr'>in-</span> <span class='ocrx_word' id='word_1_119' title='bbox 1141 1347 1284 1445; x_wconf 78' lang='grc' dir='ltr'><em>ἑνὸείην</em></span> <span class='ocrx_word' id='word_1_120' title='bbox 1305 1348 1402 1451; x_wconf 78' lang='lat' dir='ltr'>e&#39;yoi?</span> <span class='ocrx_word' id='word_1_121' title='bbox 1460 1354 1531 1425; x_wconf 87' lang='lat' dir='ltr'>Sed</span> <span class='ocrx_word' id='word_1_122' title='bbox 1561 1359 1781 1449; x_wconf 91' lang='lat' dir='ltr'>suspicemur</span> <span class='ocrx_word' id='word_1_123' title='bbox 1808 1389 1880 1436; x_wconf 91' lang='lat' dir='ltr'>esse</span> <span class='ocrx_word' id='word_1_124' title='bbox 1901 1371 1989 1441; x_wconf 90' lang='lat' dir='ltr'>tales</span> <span class='ocrx_word' id='word_1_125' title='bbox 2010 1377 2128 1463; x_wconf 89' lang='lat' dir='ltr'>prius-</span> <span class='ocrx_word' id='word_1_126' title='bbox 2181 1395 2185 1401; x_wconf 88' lang='grc'><strong>’</strong></span> 
     </span>
     <span class='ocr_line' id='line_1_11' title="bbox 96 1454 2125 1560; baseline 0.012 -36"><span class='ocrx_word' id='word_1_127' title='bbox 96 1457 179 1551; x_wconf 90' lang='lat' dir='ltr'>quit</span> <span class='ocrx_word' id='word_1_128' title='bbox 194 1454 338 1542; x_wconf 85' lang='lat' dir='ltr'>Gallus,</span> <span class='ocrx_word' id='word_1_129' title='bbox 363 1482 427 1549; x_wconf 90' lang='lat' dir='ltr'>per</span> <span class='ocrx_word' id='word_1_130' title='bbox 449 1480 566 1546; x_wconf 90' lang='lat' dir='ltr'>regem</span> <span class='ocrx_word' id='word_1_131' title='bbox 588 1459 702 1543; x_wconf 87' lang='lat' dir='ltr'>stetit,</span> <span class='ocrx_word' id='word_1_132' title='bbox 727 1455 934 1551; x_wconf 89' lang='lat' dir='ltr'>quominus</span> <span class='ocrx_word' id='word_1_133' title='bbox 951 1478 1088 1547; x_wconf 89' lang='lat' dir='ltr'>pugna·</span> <span class='ocrx_word' id='word_1_134' title='bbox 1141 1469 1246 1547; x_wconf 91' lang='lat' dir='ltr'>quam</span> <span class='ocrx_word' id='word_1_135' title='bbox 1265 1455 1303 1522; x_wconf 91' lang='lat' dir='ltr'>in</span> <span class='ocrx_word' id='word_1_136' title='bbox 1320 1456 1574 1544; x_wconf 90' lang='lat' dir='ltr'>possessionem</span> <span class='ocrx_word' id='word_1_137' title='bbox 1589 1462 1709 1532; x_wconf 89' lang='lat' dir='ltr'>redeat</span> <span class='ocrx_word' id='word_1_138' title='bbox 1723 1464 1771 1544; x_wconf 90' lang='lat' dir='ltr'>is,</span> <span class='ocrx_word' id='word_1_139' title='bbox 1786 1469 1848 1560; x_wconf 93' lang='lat' dir='ltr'>qui</span> <span class='ocrx_word' id='word_1_140' title='bbox 1862 1493 1935 1539; x_wconf 90' lang='lat' dir='ltr'>sese</span> <span class='ocrx_word' id='word_1_141' title='bbox 1950 1472 2125 1547; x_wconf 89' lang='lat' dir='ltr'>deiectum</span> 
     </span>
     <span class='ocr_line' id='line_1_12' title="bbox 95 1555 2203 1667; baseline 0.011 -39"><span class='ocrx_word' id='word_1_142' title='bbox 95 1571 208 1631; x_wconf 88' lang='lat' dir='ltr'>retur.</span> <span class='ocrx_word' id='word_1_143' title='bbox 258 1555 310 1629; x_wconf 85' lang='lat' dir='ltr'>At</span> <span class='ocrx_word' id='word_1_144' title='bbox 325 1559 406 1643; x_wconf 92' lang='lat' dir='ltr'>ille,</span> <span class='ocrx_word' id='word_1_145' title='bbox 432 1558 551 1652; x_wconf 89' lang='lat' dir='ltr'>inquit</span> <span class='ocrx_word' id='word_1_146' title='bbox 565 1556 710 1640; x_wconf 89' lang='lat' dir='ltr'>Caesar,</span> <span class='ocrx_word' id='word_1_147' title='bbox 736 1560 767 1627; x_wconf 90' lang='lat' dir='ltr'>si</span> <span class='ocrx_word' id='word_1_148' title='bbox 781 1572 822 1628; x_wconf 92' lang='lat' dir='ltr'>ut</span> <span class='ocrx_word' id='word_1_149' title='bbox 835 1572 963 1628; x_wconf 91' lang='lat' dir='ltr'>noctua</span> <span class='ocrx_word' id='word_1_150' title='bbox 981 1559 1021 1625; x_wconf 91' lang='lat' dir='ltr'>in</span> <span class='ocrx_word' id='word_1_151' title='bbox 1035 1570 1088 1626; x_wconf 91' lang='lat' dir='ltr'>te-</span> <span class='ocrx_word' id='word_1_152' title='bbox 1140 1555 1318 1648; x_wconf 89' lang='lat' dir='ltr'>queritur,</span> <span class='ocrx_word' id='word_1_153' title='bbox 1343 1569 1383 1625; x_wconf 93' lang='lat' dir='ltr'>ut</span> <span class='ocrx_word' id='word_1_154' title='bbox 1398 1570 1562 1628; x_wconf 88' lang='lat' dir='ltr'>caveatur</span> <span class='ocrx_word' id='word_1_155' title='bbox 1577 1562 1866 1652; x_wconf 89' lang='lat' dir='ltr'>adversariis,ne</span> <span class='ocrx_word' id='word_1_156' title='bbox 1883 1596 2041 1667; x_wconf 92' lang='lat' dir='ltr'>unquam</span> <span class='ocrx_word' id='word_1_157' title='bbox 2058 1579 2125 1660; x_wconf 82' lang='lat' dir='ltr'>ista</span> <span class='ocrx_word' id='word_1_158' title='bbox 2199 1583 2203 1591; x_wconf 87' lang='grc'><strong>’</strong></span> 
     </span>
     <span class='ocr_line' id='line_1_13' title="bbox 96 1657 2128 1768; baseline 0.011 -39"><span class='ocrx_word' id='word_1_159' title='bbox 96 1660 221 1730; x_wconf 83' lang='lat' dir='ltr'>nebris</span> <span class='ocrx_word' id='word_1_160' title='bbox 236 1659 304 1728; x_wconf 91' lang='lat' dir='ltr'>iter</span> <span class='ocrx_word' id='word_1_161' title='bbox 317 1661 432 1730; x_wconf 85' lang='lat' dir='ltr'>facere</span> <span class='ocrx_word' id='word_1_162' title='bbox 447 1674 586 1752; x_wconf 78' lang='lat' dir='ltr'>pergat,</span> <span class='ocrx_word' id='word_1_163' title='bbox 613 1675 647 1732; x_wconf 91' lang='lat' dir='ltr'>et</span> <span class='ocrx_word' id='word_1_164' title='bbox 664 1684 727 1751; x_wconf 88' lang='lat' dir='ltr'>ego</span> <span class='ocrx_word' id='word_1_165' title='bbox 743 1660 933 1744; x_wconf 90' lang='lat' dir='ltr'>interdiu,</span> <span class='ocrx_word' id='word_1_166' title='bbox 956 1657 1088 1728; x_wconf 83' lang='lat' dir='ltr'>utheri</span> <span class='ocrx_word' id='word_1_167' title='bbox 1140 1682 1195 1727; x_wconf 91' lang='lat' dir='ltr'>res</span> <span class='ocrx_word' id='word_1_168' title='bbox 1210 1658 1296 1748; x_wconf 91' lang='lat' dir='ltr'>ipsis</span> <span class='ocrx_word' id='word_1_169' title='bbox 1313 1659 1504 1748; x_wconf 88' lang='lat' dir='ltr'>posterisve</span> <span class='ocrx_word' id='word_1_170' title='bbox 1523 1660 1681 1750; x_wconf 88' lang='lat' dir='ltr'>ipsorum</span> <span class='ocrx_word' id='word_1_171' title='bbox 1696 1667 1814 1737; x_wconf 88' lang='lat' dir='ltr'>fraudi</span> <span class='ocrx_word' id='word_1_172' title='bbox 1839 1673 1886 1742; x_wconf 91' lang='lat' dir='ltr'>sit</span> <span class='ocrx_word' id='word_1_173' title='bbox 1910 1676 1984 1745; x_wconf 92' lang='lat' dir='ltr'>ullo</span> <span class='ocrx_word' id='word_1_174' title='bbox 2010 1684 2128 1768; x_wconf 91' lang='lat' dir='ltr'>modo,</span> 
     </span>
     <span class='ocr_line' id='line_1_14' title="bbox 96 1760 2128 1861; baseline 0.01 -30"><span class='ocrx_word' id='word_1_175' title='bbox 96 1763 207 1846; x_wconf 89' lang='lat' dir='ltr'>solet,</span> <span class='ocrx_word' id='word_1_176' title='bbox 236 1761 275 1828; x_wconf 92' lang='lat' dir='ltr'>in</span> <span class='ocrx_word' id='word_1_177' title='bbox 310 1780 445 1853; x_wconf 89' lang='lat' dir='ltr'>campo</span> <span class='ocrx_word' id='word_1_178' title='bbox 467 1764 675 1847; x_wconf 73' lang='lat' dir='ltr'>consistam,</span> <span class='ocrx_word' id='word_1_179' title='bbox 708 1763 852 1854; x_wconf 89' lang='lat' dir='ltr'>quando</span> <span class='ocrx_word' id='word_1_180' title='bbox 883 1760 1088 1849; x_wconf 87' lang='lat' dir='ltr'>congredie-</span> <span class='ocrx_word' id='word_1_181' title='bbox 1139 1773 1244 1851; x_wconf 92' lang='lat' dir='ltr'>atque</span> <span class='ocrx_word' id='word_1_182' title='bbox 1266 1783 1389 1828; x_wconf 90' lang='lat' dir='ltr'>omnes</span> <span class='ocrx_word' id='word_1_183' title='bbox 1414 1765 1692 1852; x_wconf 89' lang='lat' dir='ltr'>controversiae,</span> <span class='ocrx_word' id='word_1_184' title='bbox 1719 1793 1808 1861; x_wconf 86' lang='lat' dir='ltr'>quae</span> <span class='ocrx_word' id='word_1_185' title='bbox 1831 1767 1916 1843; x_wconf 92' lang='lat' dir='ltr'>huic</span> <span class='ocrx_word' id='word_1_186' title='bbox 1941 1801 2020 1846; x_wconf 90' lang='lat' dir='ltr'>cum</span> <span class='ocrx_word' id='word_1_187' title='bbox 2040 1781 2128 1851; x_wconf 89' lang='lat' dir='ltr'>civi-</span> 
     </span>
     <span class='ocr_line' id='line_1_15' title="bbox 95 1860 2130 1969; baseline 0.01 -37"><span class='ocrx_word' id='word_1_188' title='bbox 95 1863 204 1932; x_wconf 81' lang='lat' dir='ltr'>mur?</span> <span class='ocrx_word' id='word_1_189' title='bbox 254 1860 332 1931; x_wconf 92' lang='lat' dir='ltr'>Hoc</span> <span class='ocrx_word' id='word_1_190' title='bbox 364 1863 490 1952; x_wconf 88' lang='lat' dir='ltr'>gallico</span> <span class='ocrx_word' id='word_1_191' title='bbox 524 1886 687 1933; x_wconf 84' lang='lat' dir='ltr'>sermone</span> <span class='ocrx_word' id='word_1_192' title='bbox 719 1875 884 1932; x_wconf 87' lang='lat' dir='ltr'>narratur</span> <span class='ocrx_word' id='word_1_193' title='bbox 915 1862 1088 1946; x_wconf 84' lang='lat' dir='ltr'>festivius,</span> <span class='ocrx_word' id='word_1_194' title='bbox 1139 1862 1270 1931; x_wconf 89' lang='lat' dir='ltr'>tatibus</span> <span class='ocrx_word' id='word_1_195' title='bbox 1295 1873 1395 1945; x_wconf 92' lang='lat' dir='ltr'>sunt,</span> <span class='ocrx_word' id='word_1_196' title='bbox 1419 1860 1646 1957; x_wconf 53' lang='lat' dir='ltr'>decidtttur,</span> <span class='ocrx_word' id='word_1_197' title='bbox 1669 1892 1758 1939; x_wconf 92' lang='lat' dir='ltr'>neve</span> <span class='ocrx_word' id='word_1_198' title='bbox 1771 1872 1953 1963; x_wconf 90' lang='lat' dir='ltr'>religionis</span> <span class='ocrx_word' id='word_1_199' title='bbox 1968 1895 2130 1969; x_wconf 83' lang='lat' dir='ltr'>praetex-</span> 
     </span>
     <span class='ocr_line' id='line_1_16' title="bbox 96 1959 2128 2075; baseline 0.01 -42"><span class='ocrx_word' id='word_1_200' title='bbox 96 1965 265 2058; x_wconf 93' lang='lat' dir='ltr'>quodque</span> <span class='ocrx_word' id='word_1_201' title='bbox 288 1959 379 2031; x_wconf 89' lang='lat' dir='ltr'>mihi</span> <span class='ocrx_word' id='word_1_202' title='bbox 407 1966 445 2031; x_wconf 91' lang='lat' dir='ltr'>in</span> <span class='ocrx_word' id='word_1_203' title='bbox 464 1962 612 2034; x_wconf 87' lang='lat' dir='ltr'>Caesare</span> <span class='ocrx_word' id='word_1_204' title='bbox 637 1959 797 2033; x_wconf 90' lang='lat' dir='ltr'>hilaritas</span> <span class='ocrx_word' id='word_1_205' title='bbox 814 1964 875 2031; x_wconf 92' lang='lat' dir='ltr'>illa</span> <span class='ocrx_word' id='word_1_206' title='bbox 890 1960 993 2033; x_wconf 86' lang='lat' dir='ltr'>valde</span> <span class='ocrx_word' id='word_1_207' title='bbox 1009 1965 1088 2054; x_wconf 88' lang='lat' dir='ltr'>pla·</span> <span class='ocrx_word' id='word_1_208' title='bbox 1139 1976 1178 2033; x_wconf 90' lang='lat' dir='ltr'>tu</span> <span class='ocrx_word' id='word_1_209' title='bbox 1203 1962 1391 2055; x_wconf 91' lang='lat' dir='ltr'>quicquam</span> <span class='ocrx_word' id='word_1_210' title='bbox 1414 1964 1533 2032; x_wconf 86' lang='lat' dir='ltr'>moliri</span> <span class='ocrx_word' id='word_1_211' title='bbox 1559 1961 1617 2035; x_wconf 91' lang='lat' dir='ltr'>hic</span> <span class='ocrx_word' id='word_1_212' title='bbox 1639 1970 1741 2041; x_wconf 88' lang='lat' dir='ltr'>ausit.</span> <span class='ocrx_word' id='word_1_213' title='bbox 1791 1969 1911 2045; x_wconf 85' lang='lat' dir='ltr'>Etiam</span> <span class='ocrx_word' id='word_1_214' title='bbox 1926 1981 1970 2048; x_wconf 92' lang='lat' dir='ltr'>de</span> <span class='ocrx_word' id='word_1_215' title='bbox 1988 1983 2128 2075; x_wconf 91' lang='lat' dir='ltr'>impen-</span> 
     </span>
     <span class='ocr_line' id='line_1_17' title="bbox 74 2062 2128 2162; baseline 0.01 -27"><span class='ocrx_word' id='word_1_216' title='bbox 74 2067 244 2150; x_wconf 83' lang='lat' dir='ltr'>.c1iisset,</span> <span class='ocrx_word' id='word_1_217' title='bbox 275 2065 356 2135; x_wconf 91' lang='lat' dir='ltr'>ideo</span> <span class='ocrx_word' id='word_1_218' title='bbox 380 2066 512 2135; x_wconf 83' lang='lat' dir='ltr'>referre</span> <span class='ocrx_word' id='word_1_219' title='bbox 534 2067 643 2136; x_wconf 87' lang='lat' dir='ltr'>volui.</span> <span class='ocrx_word' id='word_1_220' title='bbox 694 2064 786 2135; x_wconf 89' lang='lat' dir='ltr'>Nam</span> <span class='ocrx_word' id='word_1_221' title='bbox 801 2062 915 2159; x_wconf 91' lang='lat' dir='ltr'>Cyrus</span> <span class='ocrx_word' id='word_1_222' title='bbox 935 2089 995 2134; x_wconf 84' lang='lat' dir='ltr'>rex</span> <span class='ocrx_word' id='word_1_223' title='bbox 1013 2087 1088 2132; x_wconf 89' lang='lat' dir='ltr'>ma·</span> <span class='ocrx_word' id='word_1_224' title='bbox 1140 2064 1187 2131; x_wconf 87' lang='lat' dir='ltr'>sis</span> <span class='ocrx_word' id='word_1_225' title='bbox 1206 2065 1245 2131; x_wconf 90' lang='lat' dir='ltr'>in</span> <span class='ocrx_word' id='word_1_226' title='bbox 1267 2064 1401 2132; x_wconf 88' lang='lat' dir='ltr'>bellum</span> <span class='ocrx_word' id='word_1_227' title='bbox 1423 2064 1556 2157; x_wconf 89' lang='lat' dir='ltr'>aliquid</span> <span class='ocrx_word' id='word_1_228' title='bbox 1575 2070 1854 2162; x_wconf 68' lang='lat' dir='ltr'>{nequibenigne</span> <span class='ocrx_word' id='word_1_229' title='bbox 1871 2079 2016 2151; x_wconf 81' lang='lat' dir='ltr'>fortasse</span> <span class='ocrx_word' id='word_1_230' title='bbox 2033 2086 2128 2157; x_wconf 91' lang='lat' dir='ltr'>dice-</span> 
     </span>
     <span class='ocr_line' id='line_1_18' title="bbox 94 2161 2128 2278; baseline 0.006 -41"><span class='ocrx_word' id='word_1_231' title='bbox 94 2168 213 2237; x_wconf 85' lang='lat' dir='ltr'>ximus</span> <span class='ocrx_word' id='word_1_232' title='bbox 229 2167 313 2251; x_wconf 86' lang='lat' dir='ltr'>luit,</span> <span class='ocrx_word' id='word_1_233' title='bbox 339 2167 368 2234; x_wconf 90' lang='lat' dir='ltr'>si</span> <span class='ocrx_word' id='word_1_234' title='bbox 384 2162 616 2258; x_wconf 76' lang='lat' dir='ltr'>Xenophonti</span> <span class='ocrx_word' id='word_1_235' title='bbox 631 2166 816 2248; x_wconf 88' lang='lat' dir='ltr'>credimus,</span> <span class='ocrx_word' id='word_1_236' title='bbox 837 2161 1088 2258; x_wconf 77' lang='grc' dir='ltr'><strong><em>χαριέστατος.</em></strong></span> <span class='ocrx_word' id='word_1_237' title='bbox 1140 2178 1210 2234; x_wconf 87' lang='lat' dir='ltr'>tur.</span> <span class='ocrx_word' id='word_1_238' title='bbox 1266 2163 1373 2234; x_wconf 87' lang='lat' dir='ltr'>Fiant</span> <span class='ocrx_word' id='word_1_239' title='bbox 1401 2164 1508 2252; x_wconf 90' lang='lat' dir='ltr'>igitur</span> <span class='ocrx_word' id='word_1_240' title='bbox 1534 2163 1722 2262; x_wconf 72' lang='grc' dir='ltr'><em>συνθῆκαι</em></span> <span class='ocrx_word' id='word_1_241' title='bbox 1750 2170 1883 2272; x_wconf 77' lang='grc' dir='ltr'><em>ἀγαθῇ</em></span> <span class='ocrx_word' id='word_1_242' title='bbox 1911 2175 2024 2276; x_wconf 78' lang='grc' dir='ltr'><strong><em>τύχῃ,</em></strong></span> <span class='ocrx_word' id='word_1_243' title='bbox 2059 2213 2128 2278; x_wconf 72' lang='lat' dir='ltr'>pax</span> 
     </span>
     <span class='ocr_line' id='line_1_19' title="bbox 98 2257 2129 2376; baseline 0.01 -38"><span class='ocrx_word' id='word_1_244' title='bbox 98 2267 153 2340; x_wconf 90' lang='lat' dir='ltr'>lta</span> <span class='ocrx_word' id='word_1_245' title='bbox 176 2269 286 2359; x_wconf 91' lang='lat' dir='ltr'>igitur</span> <span class='ocrx_word' id='word_1_246' title='bbox 309 2269 492 2338; x_wconf 90' lang='lat' dir='ltr'>redierunt</span> <span class='ocrx_word' id='word_1_247' title='bbox 516 2270 554 2337; x_wconf 89' lang='lat' dir='ltr'>in</span> <span class='ocrx_word' id='word_1_248' title='bbox 574 2282 685 2338; x_wconf 90' lang='lat' dir='ltr'>castra</span> <span class='ocrx_word' id='word_1_249' title='bbox 710 2265 848 2336; x_wconf 86' lang='lat' dir='ltr'>Gallica</span> <span class='ocrx_word' id='word_1_250' title='bbox 873 2265 1089 2350; x_wconf 87' lang='lat' dir='ltr'>Caesariani,</span> <span class='ocrx_word' id='word_1_251' title='bbox 1141 2263 1231 2337; x_wconf 82' lang='grc' dir='ltr'><em>ἄνευ</em></span> <span class='ocrx_word' id='word_1_252' title='bbox 1247 2257 1362 2338; x_wconf 73' lang='grc' dir='ltr'><em>δόλου</em></span> <span class='ocrx_word' id='word_1_253' title='bbox 1374 2261 1438 2336; x_wconf 81' lang='grc' dir='ltr'>καὶ</span> <span class='ocrx_word' id='word_1_254' title='bbox 1453 2259 1605 2361; x_wconf 79' lang='grc' dir='ltr'><strong><em>ἀπάτης.</em></strong></span> <span class='ocrx_word' id='word_1_255' title='bbox 1658 2270 1758 2344; x_wconf 90' lang='lat' dir='ltr'>Itane</span> <span class='ocrx_word' id='word_1_256' title='bbox 1774 2302 1878 2364; x_wconf 88' lang='lat' dir='ltr'>vero,</span> <span class='ocrx_word' id='word_1_257' title='bbox 1905 2282 2044 2376; x_wconf 87' lang='lat' dir='ltr'>inquiat</span> <span class='ocrx_word' id='word_1_258' title='bbox 2061 2290 2129 2358; x_wconf 89' lang='lat' dir='ltr'>ali-</span> 
     </span>
     <span class='ocr_line' id='line_1_20' title="bbox 99 2368 2126 2466; baseline 0.011 -28"><span class='ocrx_word' id='word_1_259' title='bbox 99 2370 289 2463; x_wconf 91' lang='lat' dir='ltr'>inquibus</span> <span class='ocrx_word' id='word_1_260' title='bbox 312 2393 395 2438; x_wconf 92' lang='lat' dir='ltr'>sane</span> <span class='ocrx_word' id='word_1_261' title='bbox 417 2369 554 2462; x_wconf 90' lang='lat' dir='ltr'>aliquid</span> <span class='ocrx_word' id='word_1_262' title='bbox 577 2381 756 2460; x_wconf 90' lang='lat' dir='ltr'>repertum</span> <span class='ocrx_word' id='word_1_263' title='bbox 778 2368 865 2452; x_wconf 89' lang='lat' dir='ltr'>suit,</span> <span class='ocrx_word' id='word_1_264' title='bbox 888 2370 950 2437; x_wconf 92' lang='lat' dir='ltr'>sed</span> <span class='ocrx_word' id='word_1_265' title='bbox 974 2369 1089 2460; x_wconf 90' lang='lat' dir='ltr'>pluri·</span> <span class='ocrx_word' id='word_1_266' title='bbox 1141 2368 1242 2459; x_wconf 91' lang='lat' dir='ltr'>quis,</span> <span class='ocrx_word' id='word_1_267' title='bbox 1269 2368 1354 2454; x_wconf 55' lang='lat' dir='ltr'>⁴sine</span> <span class='ocrx_word' id='word_1_268' title='bbox 1388 2370 1647 2458; x_wconf 82' lang='lat' dir='ltr'>sponsoribus?</span> <span class='ocrx_word' id='word_1_269' title='bbox 1707 2373 1878 2466; x_wconf 90' lang='lat' dir='ltr'>Minime,</span> <span class='ocrx_word' id='word_1_270' title='bbox 1912 2387 1972 2454; x_wconf 93' lang='lat' dir='ltr'>sed</span> <span class='ocrx_word' id='word_1_271' title='bbox 2006 2392 2126 2460; x_wconf 87' lang='lat' dir='ltr'>omnia</span> 
     </span>
     <span class='ocr_line' id='line_1_21' title="bbox 98 2469 2129 2577; baseline 0.011 -37"><span class='ocrx_word' id='word_1_272' title='bbox 98 2495 199 2541; x_wconf 90' lang='lat' dir='ltr'>mum</span> <span class='ocrx_word' id='word_1_273' title='bbox 221 2471 422 2541; x_wconf 84' lang='lat' dir='ltr'>sauciorum</span> <span class='ocrx_word' id='word_1_274' title='bbox 444 2484 479 2540; x_wconf 90' lang='lat' dir='ltr'>et</span> <span class='ocrx_word' id='word_1_275' title='bbox 508 2470 766 2561; x_wconf 83' lang='lat' dir='ltr'>aegrotantium</span> <span class='ocrx_word' id='word_1_276' title='bbox 793 2482 828 2538; x_wconf 90' lang='lat' dir='ltr'>et</span> <span class='ocrx_word' id='word_1_277' title='bbox 848 2469 998 2538; x_wconf 88' lang='lat' dir='ltr'>aliorum</span> <span class='ocrx_word' id='word_1_278' title='bbox 1019 2470 1089 2536; x_wconf 89' lang='lat' dir='ltr'>mi·</span> <span class='ocrx_word' id='word_1_279' title='bbox 1140 2470 1305 2552; x_wconf 87' lang='lat' dir='ltr'>fortasse,</span> <span class='ocrx_word' id='word_1_280' title='bbox 1331 2492 1420 2561; x_wconf 90' lang='lat' dir='ltr'>quae</span> <span class='ocrx_word' id='word_1_281' title='bbox 1442 2470 1679 2559; x_wconf 87' lang='lat' dir='ltr'>timebantur,</span> <span class='ocrx_word' id='word_1_282' title='bbox 1705 2479 1806 2573; x_wconf 93' lang='lat' dir='ltr'>nullo</span> <span class='ocrx_word' id='word_1_283' title='bbox 1832 2486 1938 2554; x_wconf 91' lang='lat' dir='ltr'>modo</span> <span class='ocrx_word' id='word_1_284' title='bbox 1960 2502 2129 2577; x_wconf 90' lang='lat' dir='ltr'>poterunt</span> 
     </span>
     <span class='ocr_line' id='line_1_22' title="bbox 101 2569 2129 2687; baseline 0.017 -60"><span class='ocrx_word' id='word_1_285' title='bbox 101 2573 220 2644; x_wconf 64' lang='lat' dir='ltr'>litum,</span> <span class='ocrx_word' id='word_1_286' title='bbox 1141 2569 1220 2638; x_wconf 92' lang='lat' dir='ltr'>tolli</span> <span class='ocrx_word' id='word_1_287' title='bbox 1243 2571 1419 2654; x_wconf 89' lang='lat' dir='ltr'>emedio,</span> <span class='ocrx_word' id='word_1_288' title='bbox 1452 2594 1526 2639; x_wconf 92' lang='lat' dir='ltr'>non</span> <span class='ocrx_word' id='word_1_289' title='bbox 1548 2575 1689 2644; x_wconf 88' lang='lat' dir='ltr'>modoa</span> <span class='ocrx_word' id='word_1_290' title='bbox 1713 2576 1879 2668; x_wconf 87' lang='lat' dir='ltr'>Caesare,</span> <span class='ocrx_word' id='word_1_291' title='bbox 1904 2591 1964 2656; x_wconf 91' lang='lat' dir='ltr'>sed</span> <span class='ocrx_word' id='word_1_292' title='bbox 1985 2587 2064 2662; x_wconf 69' lang='lat' dir='ltr'>odd</span> <span class='ocrx_word' id='word_1_293' title='bbox 2081 2590 2129 2687; x_wconf 78' lang='grc' dir='ltr'>ἢν</span> 
     </span>
    </p>

    <p class='ocr_par' dir='ltr' id='par_1_3' title="bbox 47 2665 2148 4686">
     <span class='ocr_line' id='line_1_23' title="bbox 199 2665 2127 2777; baseline 0.007 -34"><span class='ocrx_word' id='word_1_294' title='bbox 199 2672 329 2743; x_wconf 85' lang='lat' dir='ltr'>Fertur</span> <span class='ocrx_word' id='word_1_295' title='bbox 343 2686 477 2757; x_wconf 89' lang='lat' dir='ltr'>autem,</span> <span class='ocrx_word' id='word_1_296' title='bbox 503 2671 636 2762; x_wconf 85' lang='lat' dir='ltr'>pedites</span> <span class='ocrx_word' id='word_1_297' title='bbox 653 2669 852 2740; x_wconf 89' lang='lat' dir='ltr'>Germanos</span> <span class='ocrx_word' id='word_1_298' title='bbox 866 2668 1088 2741; x_wconf 86' lang='lat' dir='ltr'>etllelvetios</span> <span class='ocrx_word' id='word_1_299' title='bbox 1140 2666 1230 2749; x_wconf 78' lang='grc' dir='ltr'><em>θεὸς</em></span> <span class='ocrx_word' id='word_1_300' title='bbox 1245 2665 1357 2748; x_wconf 83' lang='grc' dir='ltr'><em>αὐτὸς</em></span> <span class='ocrx_word' id='word_1_301' title='bbox 1372 2665 1532 2763; x_wconf 72' lang='grc' dir='ltr'><strong><em>ἐπεχθῂ,</em></strong></span> <span class='ocrx_word' id='word_1_302' title='bbox 1557 2687 1597 2743; x_wconf 92' lang='lat' dir='ltr'>ut</span> <span class='ocrx_word' id='word_1_303' title='bbox 1613 2674 1660 2744; x_wconf 89' lang='lat' dir='ltr'>ita</span> <span class='ocrx_word' id='word_1_304' title='bbox 1678 2676 1814 2771; x_wconf 87' lang='lat' dir='ltr'>loquar.</span> <span class='ocrx_word' id='word_1_305' title='bbox 1849 2684 1962 2777; x_wconf 84' lang='lat' dir='ltr'>Saepe</span> <span class='ocrx_word' id='word_1_306' title='bbox 1978 2687 2070 2762; x_wconf 86' lang='lat' dir='ltr'>mihi</span> <span class='ocrx_word' id='word_1_307' title='bbox 2087 2697 2127 2765; x_wconf 78' lang='lat' dir='ltr'>in</span> 
     </span>
     <span class='ocr_line' id='line_1_24' title="bbox 98 2769 2128 2876; baseline 0.012 -34"><span class='ocrx_word' id='word_1_308' title='bbox 98 2775 294 2845; x_wconf 87' lang='lat' dir='ltr'>conductos</span> <span class='ocrx_word' id='word_1_309' title='bbox 315 2799 335 2844; x_wconf 95' lang='lat' dir='ltr'>a</span> <span class='ocrx_word' id='word_1_310' title='bbox 360 2772 497 2857; x_wconf 89' lang='lat' dir='ltr'>Gallis,</span> <span class='ocrx_word' id='word_1_311' title='bbox 532 2797 685 2865; x_wconf 90' lang='lat' dir='ltr'>quorum</span> <span class='ocrx_word' id='word_1_312' title='bbox 707 2769 804 2841; x_wconf 87' lang='lat' dir='ltr'>hiad</span> <span class='ocrx_word' id='word_1_313' title='bbox 828 2771 943 2851; x_wconf 85' lang='lat' dir='ltr'>Xm.,</span> <span class='ocrx_word' id='word_1_314' title='bbox 968 2772 1023 2839; x_wconf 91' lang='lat' dir='ltr'>illi</span> <span class='ocrx_word' id='word_1_315' title='bbox 1043 2772 1087 2840; x_wconf 89' lang='lat' dir='ltr'>ad</span> <span class='ocrx_word' id='word_1_316' title='bbox 1141 2770 1424 2854; x_wconf 87' lang='lat' dir='ltr'>tractationibus,</span> <span class='ocrx_word' id='word_1_317' title='bbox 1450 2773 1644 2864; x_wconf 89' lang='lat' dir='ltr'>dequibus</span> <span class='ocrx_word' id='word_1_318' title='bbox 1666 2782 1773 2851; x_wconf 85' lang='lat' dir='ltr'>audio</span> <span class='ocrx_word' id='word_1_319' title='bbox 1797 2784 1994 2876; x_wconf 90' lang='lat' dir='ltr'>interdum,</span> <span class='ocrx_word' id='word_1_320' title='bbox 2019 2795 2128 2868; x_wconf 90' lang='lat' dir='ltr'>nimis</span> 
     </span>
     <span class='ocr_line' id='line_1_25' title="bbox 98 2862 2127 2969; baseline 0.006 -25"><span class='ocrx_word' id='word_1_321' title='bbox 98 2873 153 2944; x_wconf 86' lang='lat' dir='ltr'>VI</span> <span class='ocrx_word' id='word_1_322' title='bbox 174 2902 223 2950; x_wconf 85' lang='lat' dir='ltr'>m.</span> <span class='ocrx_word' id='word_1_323' title='bbox 251 2897 323 2944; x_wconf 90' lang='lat' dir='ltr'>esse</span> <span class='ocrx_word' id='word_1_324' title='bbox 358 2871 607 2966; x_wconf 88' lang='lat' dir='ltr'>perhibentur,</span> <span class='ocrx_word' id='word_1_325' title='bbox 639 2875 736 2966; x_wconf 93' lang='lat' dir='ltr'>quod</span> <span class='ocrx_word' id='word_1_326' title='bbox 764 2862 1090 2946; x_wconf 71' lang='lat' dir='ltr'>Carolus„adesset</span> <span class='ocrx_word' id='word_1_327' title='bbox 1141 2873 1280 2941; x_wconf 84' lang='lat' dir='ltr'>videtur</span> <span class='ocrx_word' id='word_1_328' title='bbox 1295 2872 1430 2941; x_wconf 89' lang='lat' dir='ltr'>curiosa</span> <span class='ocrx_word' id='word_1_329' title='bbox 1447 2895 1519 2942; x_wconf 89' lang='lat' dir='ltr'>esse</span> <span class='ocrx_word' id='word_1_330' title='bbox 1536 2870 1694 2946; x_wconf 80' lang='lat' dir='ltr'>historia.</span> <span class='ocrx_word' id='word_1_331' title='bbox 1743 2881 1835 2954; x_wconf 90' lang='lat' dir='ltr'>Nam</span> <span class='ocrx_word' id='word_1_332' title='bbox 1853 2889 1936 2958; x_wconf 90' lang='lat' dir='ltr'>istas</span> <span class='ocrx_word' id='word_1_333' title='bbox 1953 2895 2127 2969; x_wconf 90' lang='lat' dir='ltr'>callidita.</span> 
     </span>
     <span class='ocr_line' id='line_1_26' title="bbox 99 2972 2128 3081; baseline 0.01 -37"><span class='ocrx_word' id='word_1_334' title='bbox 99 2991 223 3046; x_wconf 89' lang='lat' dir='ltr'>contra</span> <span class='ocrx_word' id='word_1_335' title='bbox 238 2999 421 3046; x_wconf 84' lang='lat' dir='ltr'>conserere</span> <span class='ocrx_word' id='word_1_336' title='bbox 441 2998 568 3044; x_wconf 88' lang='lat' dir='ltr'>manus</span> <span class='ocrx_word' id='word_1_337' title='bbox 590 2976 758 3044; x_wconf 89' lang='lat' dir='ltr'>noluisse.</span> <span class='ocrx_word' id='word_1_338' title='bbox 808 2972 934 3042; x_wconf 88' lang='lat' dir='ltr'>Postea</span> <span class='ocrx_word' id='word_1_339' title='bbox 955 2976 999 3042; x_wconf 92' lang='lat' dir='ltr'>ad</span> <span class='ocrx_word' id='word_1_340' title='bbox 1023 2973 1089 3044; x_wconf 88' lang='lat' dir='ltr'>Sa·</span> <span class='ocrx_word' id='word_1_341' title='bbox 1142 2987 1192 3043; x_wconf 90' lang='lat' dir='ltr'>tes</span> <span class='ocrx_word' id='word_1_342' title='bbox 1212 2975 1291 3043; x_wconf 77' lang='grc' dir='ltr'>τῶν</span> <span class='ocrx_word' id='word_1_343' title='bbox 1305 2977 1472 3064; x_wconf 79' lang='grc' dir='ltr'><em>νομικῶν</em></span> <span class='ocrx_word' id='word_1_344' title='bbox 1492 2998 1568 3044; x_wconf 91' lang='lat' dir='ltr'>non</span> <span class='ocrx_word' id='word_1_345' title='bbox 1587 2979 1776 3070; x_wconf 87' lang='lat' dir='ltr'>attingam,</span> <span class='ocrx_word' id='word_1_346' title='bbox 1802 3009 1842 3057; x_wconf 93' lang='lat' dir='ltr'>ac</span> <span class='ocrx_word' id='word_1_347' title='bbox 1865 2990 1903 3059; x_wconf 90' lang='lat' dir='ltr'>fit</span> <span class='ocrx_word' id='word_1_348' title='bbox 1924 3004 2019 3081; x_wconf 89' lang='lat' dir='ltr'>tum,</span> <span class='ocrx_word' id='word_1_349' title='bbox 2048 3024 2128 3071; x_wconf 84' lang='lat' dir='ltr'>cum</span> 
     </span>
     <span class='ocr_line' id='line_1_27' title="bbox 98 3069 2127 3185; baseline 0.013 -39"><span class='ocrx_word' id='word_1_350' title='bbox 98 3079 343 3147; x_wconf 89' lang='lat' dir='ltr'>morabrinam</span> <span class='ocrx_word' id='word_1_351' title='bbox 365 3077 484 3168; x_wconf 91' lang='lat' dir='ltr'>copias</span> <span class='ocrx_word' id='word_1_352' title='bbox 505 3077 604 3146; x_wconf 82' lang='lat' dir='ltr'>duxit</span> <span class='ocrx_word' id='word_1_353' title='bbox 622 3074 767 3160; x_wconf 89' lang='lat' dir='ltr'>Caesar,</span> <span class='ocrx_word' id='word_1_354' title='bbox 792 3087 845 3159; x_wconf 91' lang='lat' dir='ltr'>et,</span> <span class='ocrx_word' id='word_1_355' title='bbox 867 3076 949 3168; x_wconf 93' lang='lat' dir='ltr'>quia</span> <span class='ocrx_word' id='word_1_356' title='bbox 968 3075 1090 3144; x_wconf 89' lang='lat' dir='ltr'>fuisset</span> <span class='ocrx_word' id='word_1_357' title='bbox 1142 3069 1480 3169; x_wconf 78' lang='lat' dir='ltr'>cacrtiorese‘epe&#39;dpov</span> <span class='ocrx_word' id='word_1_358' title='bbox 1497 3079 1663 3149; x_wconf 90' lang='lat' dir='ltr'>omnibus</span> <span class='ocrx_word' id='word_1_359' title='bbox 1678 3086 1844 3173; x_wconf 89' lang='lat' dir='ltr'>periculis</span> <span class='ocrx_word' id='word_1_360' title='bbox 1859 3097 2036 3183; x_wconf 89' lang='lat' dir='ltr'>oppositas</span> <span class='ocrx_word' id='word_1_361' title='bbox 2053 3125 2127 3185; x_wconf 86' lang='lat' dir='ltr'>esse</span> 
     </span>
     <span class='ocr_line' id='line_1_28' title="bbox 101 3175 2148 3294; baseline 0.009 -46"><span class='ocrx_word' id='word_1_362' title='bbox 101 3175 219 3248; x_wconf 85' lang='lat' dir='ltr'>Gallis</span> <span class='ocrx_word' id='word_1_363' title='bbox 233 3180 380 3272; x_wconf 84' lang='lat' dir='ltr'>aequior</span> <span class='ocrx_word' id='word_1_364' title='bbox 394 3203 501 3270; x_wconf 90' lang='lat' dir='ltr'>quam</span> <span class='ocrx_word' id='word_1_365' title='bbox 517 3178 585 3247; x_wconf 92' lang='lat' dir='ltr'>sibi</span> <span class='ocrx_word' id='word_1_366' title='bbox 602 3179 736 3260; x_wconf 85' lang='lat' dir='ltr'>civitas,</span> <span class='ocrx_word' id='word_1_367' title='bbox 749 3176 918 3245; x_wconf 89' lang='lat' dir='ltr'>mulctam</span> <span class='ocrx_word' id='word_1_368' title='bbox 939 3176 1030 3245; x_wconf 85' lang='lat' dir='ltr'>dixit</span> <span class='ocrx_word' id='word_1_369' title='bbox 1044 3176 1090 3243; x_wconf 92' lang='lat' dir='ltr'>il-</span> <span class='ocrx_word' id='word_1_370' title='bbox 1141 3175 1357 3259; x_wconf 86' lang='lat' dir='ltr'>existimant,</span> <span class='ocrx_word' id='word_1_371' title='bbox 1372 3189 1413 3244; x_wconf 92' lang='lat' dir='ltr'>ut</span> <span class='ocrx_word' id='word_1_372' title='bbox 1426 3176 1676 3270; x_wconf 90' lang='lat' dir='ltr'>relinquantur</span> <span class='ocrx_word' id='word_1_373' title='bbox 1688 3207 1790 3277; x_wconf 88' lang='lat' dir='ltr'>saepe</span> <span class='ocrx_word' id='word_1_374' title='bbox 1806 3183 1861 3258; x_wconf 88' lang='lat' dir='ltr'>his</span> <span class='ocrx_word' id='word_1_375' title='bbox 1876 3195 2021 3284; x_wconf 90' lang='lat' dir='ltr'>quidam</span> <span class='ocrx_word' id='word_1_376' title='bbox 2040 3227 2128 3294; x_wconf 81' lang='lat' dir='ltr'>qua.</span> <span class='ocrx_word' id='word_1_377' title='bbox 2146 3185 2148 3189; x_wconf 35' lang='lat'>¹</span> 
     </span>
     <span class='ocr_line' id='line_1_29' title="bbox 100 3275 2127 3395; baseline 0.013 -48"><span class='ocrx_word' id='word_1_378' title='bbox 100 3279 164 3367; x_wconf 85' lang='lat' dir='ltr'>lis,</span> <span class='ocrx_word' id='word_1_379' title='bbox 196 3280 331 3364; x_wconf 91' lang='lat' dir='ltr'>decies,</span> <span class='ocrx_word' id='word_1_380' title='bbox 364 3275 535 3350; x_wconf 88' lang='lat' dir='ltr'>adhibitis</span> <span class='ocrx_word' id='word_1_381' title='bbox 561 3279 691 3367; x_wconf 88' lang='lat' dir='ltr'>regulis</span> <span class='ocrx_word' id='word_1_382' title='bbox 715 3278 852 3370; x_wconf 87' lang='lat' dir='ltr'>aliquot</span> <span class='ocrx_word' id='word_1_383' title='bbox 871 3276 1089 3362; x_wconf 88' lang='lat' dir='ltr'>Teutonicis,</span> <span class='ocrx_word' id='word_1_384' title='bbox 1140 3277 1170 3345; x_wconf 91' lang='lat' dir='ltr'>si</span> <span class='ocrx_word' id='word_1_385' title='bbox 1194 3278 1406 3346; x_wconf 88' lang='lat' dir='ltr'>decumanae</span> <span class='ocrx_word' id='word_1_386' title='bbox 1424 3292 1547 3367; x_wconf 87' lang='lat' dir='ltr'>portae</span> <span class='ocrx_word' id='word_1_387' title='bbox 1571 3283 1704 3370; x_wconf 85' lang='lat' dir='ltr'>aditus3</span> <span class='ocrx_word' id='word_1_388' title='bbox 1739 3295 2038 3382; x_wconf 89' lang='lat' dir='ltr'>quemadmodum</span> <span class='ocrx_word' id='word_1_389' title='bbox 2064 3327 2127 3395; x_wconf 91' lang='lat' dir='ltr'>ego</span> 
     </span>
     <span class='ocr_line' id='line_1_30' title="bbox 99 3376 2126 3476; baseline 0.013 -27"><span class='ocrx_word' id='word_1_390' title='bbox 99 3404 148 3450; x_wconf 86' lang='lat' dir='ltr'>ne</span> <span class='ocrx_word' id='word_1_391' title='bbox 169 3395 292 3452; x_wconf 85' lang='lat' dir='ltr'>contra</span> <span class='ocrx_word' id='word_1_392' title='bbox 314 3381 456 3473; x_wconf 88' lang='lat' dir='ltr'>imperii</span> <span class='ocrx_word' id='word_1_393' title='bbox 478 3381 557 3451; x_wconf 90' lang='lat' dir='ltr'>iura</span> <span class='ocrx_word' id='word_1_394' title='bbox 581 3380 716 3472; x_wconf 90' lang='lat' dir='ltr'>aliquid</span> <span class='ocrx_word' id='word_1_395' title='bbox 739 3403 760 3446; x_wconf 89' lang='lat' dir='ltr'>a</span> <span class='ocrx_word' id='word_1_396' title='bbox 775 3400 810 3448; x_wconf 93' lang='lat' dir='ltr'>se</span> <span class='ocrx_word' id='word_1_397' title='bbox 824 3392 941 3448; x_wconf 91' lang='lat' dir='ltr'>actum</span> <span class='ocrx_word' id='word_1_398' title='bbox 955 3379 1090 3447; x_wconf 92' lang='lat' dir='ltr'>dicere-</span> <span class='ocrx_word' id='word_1_399' title='bbox 1142 3379 1179 3445; x_wconf 94' lang='lat' dir='ltr'>in</span> <span class='ocrx_word' id='word_1_400' title='bbox 1194 3378 1360 3446; x_wconf 89' lang='lat' dir='ltr'>incendio</span> <span class='ocrx_word' id='word_1_401' title='bbox 1386 3376 1629 3470; x_wconf 85' lang='lat' dir='ltr'>Tubingensi‚</span> <span class='ocrx_word' id='word_1_402' title='bbox 1656 3387 1755 3458; x_wconf 90' lang='lat' dir='ltr'>cuius</span> <span class='ocrx_word' id='word_1_403' title='bbox 1786 3415 1883 3463; x_wconf 91' lang='lat' dir='ltr'>nunc</span> <span class='ocrx_word' id='word_1_404' title='bbox 1911 3399 2018 3468; x_wconf 88' lang='lat' dir='ltr'>etiam</span> <span class='ocrx_word' id='word_1_405' title='bbox 2047 3430 2126 3476; x_wconf 86' lang='lat' dir='ltr'>curn</span> 
     </span>
     <span class='ocr_line' id='line_1_31' title="bbox 100 3478 2129 3577; baseline 0.012 -25"><span class='ocrx_word' id='word_1_406' title='bbox 100 3495 172 3553; x_wconf 85' lang='lat' dir='ltr'>tur.</span> <span class='ocrx_word' id='word_1_407' title='bbox 223 3478 343 3577; x_wconf 83' lang='lat' dir='ltr'>Atque</span> <span class='ocrx_word' id='word_1_408' title='bbox 358 3484 406 3553; x_wconf 89' lang='lat' dir='ltr'>ita</span> <span class='ocrx_word' id='word_1_409' title='bbox 420 3484 509 3553; x_wconf 90' lang='lat' dir='ltr'>urbe</span> <span class='ocrx_word' id='word_1_410' title='bbox 523 3481 660 3550; x_wconf 90' lang='lat' dir='ltr'>munita</span> <span class='ocrx_word' id='word_1_411' title='bbox 682 3495 715 3551; x_wconf 90' lang='lat' dir='ltr'>et</span> <span class='ocrx_word' id='word_1_412' title='bbox 731 3481 907 3570; x_wconf 89' lang='lat' dir='ltr'>praesidio</span> <span class='ocrx_word' id='word_1_413' title='bbox 923 3478 1088 3570; x_wconf 88' lang='lat' dir='ltr'>imposito</span> <span class='ocrx_word' id='word_1_414' title='bbox 1142 3501 1267 3567; x_wconf 90' lang='lat' dir='ltr'>magno</span> <span class='ocrx_word' id='word_1_415' title='bbox 1292 3479 1415 3546; x_wconf 91' lang='lat' dir='ltr'>dolore</span> <span class='ocrx_word' id='word_1_416' title='bbox 1438 3481 1548 3550; x_wconf 87' lang='lat' dir='ltr'>animi</span> <span class='ocrx_word' id='word_1_417' title='bbox 1573 3490 1757 3575; x_wconf 88' lang='lat' dir='ltr'>recordor,</span> <span class='ocrx_word' id='word_1_418' title='bbox 1784 3494 1927 3566; x_wconf 89' lang='lat' dir='ltr'>deiectis</span> <span class='ocrx_word' id='word_1_419' title='bbox 1948 3501 1986 3568; x_wconf 90' lang='lat' dir='ltr'>in</span> <span class='ocrx_word' id='word_1_420' title='bbox 2004 3505 2129 3577; x_wconf 90' lang='lat' dir='ltr'>cellam</span> 
     </span>
     <span class='ocr_line' id='line_1_32' title="bbox 99 3578 2127 3677; baseline 0.013 -25"><span class='ocrx_word' id='word_1_421' title='bbox 99 3585 291 3677; x_wconf 89' lang='lat' dir='ltr'>plerosque</span> <span class='ocrx_word' id='word_1_422' title='bbox 304 3585 436 3655; x_wconf 90' lang='lat' dir='ltr'>milites</span> <span class='ocrx_word' id='word_1_423' title='bbox 449 3607 490 3652; x_wconf 88' lang='lat' dir='ltr'>ac</span> <span class='ocrx_word' id='word_1_424' title='bbox 509 3582 644 3674; x_wconf 87' lang='lat' dir='ltr'>equites</span> <span class='ocrx_word' id='word_1_425' title='bbox 662 3582 812 3669; x_wconf 85' lang='lat' dir='ltr'>benigne</span> <span class='ocrx_word' id='word_1_426' title='bbox 828 3580 973 3653; x_wconf 88' lang='lat' dir='ltr'>dimisit.</span> <span class='ocrx_word' id='word_1_427' title='bbox 1011 3578 1089 3670; x_wconf 92' lang='lat' dir='ltr'>lpse</span> <span class='ocrx_word' id='word_1_428' title='bbox 1125 3581 1207 3649; x_wconf 85' lang='lat' dir='ltr'>sub</span> <span class='ocrx_word' id='word_1_429' title='bbox 1231 3593 1324 3647; x_wconf 89' lang='lat' dir='ltr'>terra</span> <span class='ocrx_word' id='word_1_430' title='bbox 1346 3580 1473 3649; x_wconf 90' lang='lat' dir='ltr'>reculis</span> <span class='ocrx_word' id='word_1_431' title='bbox 1499 3585 1664 3656; x_wconf 87' lang='lat' dir='ltr'>omnibus</span> <span class='ocrx_word' id='word_1_432' title='bbox 1684 3594 1772 3660; x_wconf 92' lang='lat' dir='ltr'>meis</span> <span class='ocrx_word' id='word_1_433' title='bbox 1794 3619 1873 3662; x_wconf 89' lang='lat' dir='ltr'>cum</span> <span class='ocrx_word' id='word_1_434' title='bbox 1896 3598 1979 3669; x_wconf 85' lang='lat' dir='ltr'>fimo</span> <span class='ocrx_word' id='word_1_435' title='bbox 1993 3627 2031 3672; x_wconf 91' lang='lat' dir='ltr'>ac</span> <span class='ocrx_word' id='word_1_436' title='bbox 2050 3607 2127 3677; x_wconf 94' lang='lat' dir='ltr'>luto</span> 
     </span>
     <span class='ocr_line' id='line_1_33' title="bbox 101 3679 2129 3779; baseline 0.01 -26"><span class='ocrx_word' id='word_1_437' title='bbox 101 3685 259 3773; x_wconf 90' lang='lat' dir='ltr'>primum</span> <span class='ocrx_word' id='word_1_438' title='bbox 284 3679 554 3775; x_wconf 88' lang='lat' dir='ltr'>Antwerpiam,</span> <span class='ocrx_word' id='word_1_439' title='bbox 580 3707 662 3751; x_wconf 82' lang='lat' dir='ltr'>mox</span> <span class='ocrx_word' id='word_1_440' title='bbox 684 3682 823 3774; x_wconf 87' lang='lat' dir='ltr'>Spiram</span> <span class='ocrx_word' id='word_1_441' title='bbox 857 3684 902 3750; x_wconf 91' lang='lat' dir='ltr'>ad</span> <span class='ocrx_word' id='word_1_442' title='bbox 936 3705 1090 3750; x_wconf 84' lang='lat' dir='ltr'>convcn-</span> <span class='ocrx_word' id='word_1_443' title='bbox 1142 3681 1270 3750; x_wconf 93' lang='lat' dir='ltr'>ostium</span> <span class='ocrx_word' id='word_1_444' title='bbox 1287 3682 1566 3768; x_wconf 88' lang='lat' dir='ltr'>obturassemus,</span> <span class='ocrx_word' id='word_1_445' title='bbox 1591 3702 1710 3776; x_wconf 87' lang='lat' dir='ltr'>postea</span> <span class='ocrx_word' id='word_1_446' title='bbox 1729 3692 2041 3776; x_wconf 89' lang='lat' dir='ltr'>animadvertimus</span> <span class='ocrx_word' id='word_1_447' title='bbox 2065 3732 2129 3779; x_wconf 69' lang='lat' dir='ltr'>ne-</span> 
     </span>
     <span class='ocr_line' id='line_1_34' title="bbox 47 3775 2128 3892; baseline 0.012 -37"><span class='ocrx_word' id='word_1_448' title='bbox 47 3799 50 3805; x_wconf 86' lang='lat'>&#39;</span> <span class='ocrx_word' id='word_1_449' title='bbox 100 3799 180 3855; x_wconf 91' lang='lat' dir='ltr'>tum</span> <span class='ocrx_word' id='word_1_450' title='bbox 198 3784 667 3878; x_wconf 78' lang='lat' dir='ltr'>seprofecturumostendit.</span> <span class='ocrx_word' id='word_1_451' title='bbox 718 3775 931 3875; x_wconf 70' lang='lat' dir='ltr'>Nostrum*)</span> <span class='ocrx_word' id='word_1_452' title='bbox 955 3782 1089 3872; x_wconf 89' lang='lat' dir='ltr'>princi·</span> <span class='ocrx_word' id='word_1_453' title='bbox 1142 3782 1287 3870; x_wconf 90' lang='lat' dir='ltr'>glectam</span> <span class='ocrx_word' id='word_1_454' title='bbox 1307 3781 1346 3847; x_wconf 91' lang='lat' dir='ltr'>in</span> <span class='ocrx_word' id='word_1_455' title='bbox 1362 3783 1614 3872; x_wconf 90' lang='lat' dir='ltr'>trepidatione,</span> <span class='ocrx_word' id='word_1_456' title='bbox 1641 3783 1676 3861; x_wconf 90' lang='lat' dir='ltr'>h.</span> <span class='ocrx_word' id='word_1_457' title='bbox 1694 3816 1723 3865; x_wconf 86' lang='lat' dir='ltr'>e.</span> <span class='ocrx_word' id='word_1_458' title='bbox 1747 3794 1858 3866; x_wconf 90' lang='lat' dir='ltr'>nimia</span> <span class='ocrx_word' id='word_1_459' title='bbox 1875 3804 2028 3892; x_wconf 88' lang='lat' dir='ltr'>quadam</span> <span class='ocrx_word' id='word_1_460' title='bbox 2045 3833 2128 3878; x_wconf 89' lang='lat' dir='ltr'>cur·</span> 
     </span>
     <span class='ocr_line' id='line_1_35' title="bbox 74 3876 2129 3982; baseline 0.006 -27"><span class='ocrx_word' id='word_1_461' title='bbox 74 3912 185 3977; x_wconf 64' lang='lat' dir='ltr'>‚pem</span> <span class='ocrx_word' id='word_1_462' title='bbox 202 3887 440 3957; x_wconf 87' lang='lat' dir='ltr'>amantissime</span> <span class='ocrx_word' id='word_1_463' title='bbox 464 3885 665 3975; x_wconf 86' lang='lat' dir='ltr'>complexus</span> <span class='ocrx_word' id='word_1_464' title='bbox 682 3884 759 3954; x_wconf 85' lang='lat' dir='ltr'>fuit.</span> <span class='ocrx_word' id='word_1_465' title='bbox 811 3880 845 3951; x_wconf 88' lang='lat' dir='ltr'>ls</span> <span class='ocrx_word' id='word_1_466' title='bbox 871 3907 952 3951; x_wconf 93' lang='lat' dir='ltr'>cum</span> <span class='ocrx_word' id='word_1_467' title='bbox 970 3883 1089 3950; x_wconf 89' lang='lat' dir='ltr'>omni·</span> <span class='ocrx_word' id='word_1_468' title='bbox 1141 3906 1177 3949; x_wconf 90' lang='lat' dir='ltr'>sa</span> <span class='ocrx_word' id='word_1_469' title='bbox 1189 3876 1282 3976; x_wconf 79' lang='lat'>(?)*)</span> <span class='ocrx_word' id='word_1_470' title='bbox 1300 3883 1487 3959; x_wconf 86' lang='lat' dir='ltr'>fenestram</span> <span class='ocrx_word' id='word_1_471' title='bbox 1502 3909 1607 3977; x_wconf 89' lang='lat' dir='ltr'>supra</span> <span class='ocrx_word' id='word_1_472' title='bbox 1624 3890 1662 3958; x_wconf 90' lang='lat' dir='ltr'>in</span> <span class='ocrx_word' id='word_1_473' title='bbox 1678 3897 1795 3965; x_wconf 91' lang='lat' dir='ltr'>medio</span> <span class='ocrx_word' id='word_1_474' title='bbox 1812 3915 2006 3974; x_wconf 77' lang='lat' dir='ltr'>contectam</span> <span class='ocrx_word' id='word_1_475' title='bbox 2021 3910 2129 3982; x_wconf 65' lang='lat' dir='ltr'>fuisse</span> 
     </span>
     <span class='ocr_line' id='line_1_36' title="bbox 103 3982 2130 4100; baseline 0.01 -42"><span class='ocrx_word' id='word_1_476' title='bbox 103 3990 173 4058; x_wconf 82' lang='lat' dir='ltr'>bus</span> <span class='ocrx_word' id='word_1_477' title='bbox 190 3989 284 4068; x_wconf 86' lang='lat' dir='ltr'>suis,</span> <span class='ocrx_word' id='word_1_478' title='bbox 309 4012 381 4056; x_wconf 91' lang='lat' dir='ltr'>uno</span> <span class='ocrx_word' id='word_1_479' title='bbox 400 3988 522 4057; x_wconf 87' lang='lat' dir='ltr'>saltem</span> <span class='ocrx_word' id='word_1_480' title='bbox 538 3985 656 4076; x_wconf 90' lang='lat' dir='ltr'>equite</span> <span class='ocrx_word' id='word_1_481' title='bbox 674 3984 712 4050; x_wconf 92' lang='lat' dir='ltr'>in</span> <span class='ocrx_word' id='word_1_482' title='bbox 727 3982 797 4051; x_wconf 88' lang='lat' dir='ltr'>levi</span> <span class='ocrx_word' id='word_1_483' title='bbox 811 3984 946 4072; x_wconf 91' lang='lat' dir='ltr'>proelio</span> <span class='ocrx_word' id='word_1_484' title='bbox 962 3983 1088 4053; x_wconf 89' lang='lat' dir='ltr'>amisso</span> <span class='ocrx_word' id='word_1_485' title='bbox 1141 3983 1278 4077; x_wconf 87' lang='lat' dir='ltr'>aliquot</span> <span class='ocrx_word' id='word_1_486' title='bbox 1310 3983 1476 4073; x_wconf 89' lang='lat' dir='ltr'>plaustris</span> <span class='ocrx_word' id='word_1_487' title='bbox 1507 3989 1626 4059; x_wconf 89' lang='lat' dir='ltr'>aridae</span> <span class='ocrx_word' id='word_1_488' title='bbox 1658 3997 1837 4071; x_wconf 87' lang='lat' dir='ltr'>materiae.</span> <span class='ocrx_word' id='word_1_489' title='bbox 1897 4002 1988 4092; x_wconf 89' lang='lat' dir='ltr'>Quis</span> <span class='ocrx_word' id='word_1_490' title='bbox 2022 4010 2130 4100; x_wconf 85' lang='lat' dir='ltr'>igitur</span> 
     </span>
     <span class='ocr_line' id='line_1_37' title="bbox 102 4079 2129 4202; baseline 0.013 -44"><span class='ocrx_word' id='word_1_491' title='bbox 102 4111 267 4159; x_wconf 89' lang='lat' dir='ltr'>reversus</span> <span class='ocrx_word' id='word_1_492' title='bbox 283 4089 472 4157; x_wconf 90' lang='lat' dir='ltr'>incolumis</span> <span class='ocrx_word' id='word_1_493' title='bbox 493 4085 635 4155; x_wconf 89' lang='lat' dir='ltr'>transiit</span> <span class='ocrx_word' id='word_1_494' title='bbox 650 4081 714 4153; x_wconf 89' lang='lat' dir='ltr'>hac</span> <span class='ocrx_word' id='word_1_495' title='bbox 738 4085 869 4152; x_wconf 92' lang='lat' dir='ltr'>nudius</span> <span class='ocrx_word' id='word_1_496' title='bbox 894 4085 1017 4153; x_wconf 89' lang='lat' dir='ltr'>tertius</span> <span class='ocrx_word' id='word_1_497' title='bbox 1037 4086 1090 4153; x_wconf 86' lang='lat' dir='ltr'>le·</span> <span class='ocrx_word' id='word_1_498' title='bbox 1141 4098 1218 4154; x_wconf 89' lang='lat' dir='ltr'>tum</span> <span class='ocrx_word' id='word_1_499' title='bbox 1241 4079 1328 4152; x_wconf 90' lang='lat' dir='ltr'>mihi</span> <span class='ocrx_word' id='word_1_500' title='bbox 1351 4108 1428 4154; x_wconf 90' lang='lat' dir='ltr'>mea</span> <span class='ocrx_word' id='word_1_501' title='bbox 1456 4092 1630 4160; x_wconf 86' lang='lat' dir='ltr'>servavit?</span> <span class='ocrx_word' id='word_1_502' title='bbox 1688 4093 1934 4174; x_wconf 88' lang='lat' dir='ltr'>Consiliumne</span> <span class='ocrx_word' id='word_1_503' title='bbox 1956 4106 1999 4179; x_wconf 84' lang='lat' dir='ltr'>&#39;et</span> <span class='ocrx_word' id='word_1_504' title='bbox 2022 4137 2129 4202; x_wconf 89' lang='lat' dir='ltr'>opera</span> 
     </span>
     <span class='ocr_line' id='line_1_38' title="bbox 103 4176 2130 4302; baseline 0.007 -43"><span class='ocrx_word' id='word_1_505' title='bbox 103 4190 361 4262; x_wconf 89' lang='lat' dir='ltr'>stinantissimc</span> <span class='ocrx_word' id='word_1_506' title='bbox 376 4203 494 4259; x_wconf 89' lang='lat' dir='ltr'>vectus</span> <span class='ocrx_word' id='word_1_507' title='bbox 510 4188 642 4258; x_wconf 87' lang='lat' dir='ltr'>essedo.</span> <span class='ocrx_word' id='word_1_508' title='bbox 695 4184 765 4255; x_wconf 90' lang='lat' dir='ltr'>Sed</span> <span class='ocrx_word' id='word_1_509' title='bbox 789 4178 1025 4270; x_wconf 90' lang='lat' dir='ltr'>haecomnia,</span> <span class='ocrx_word' id='word_1_510' title='bbox 1049 4198 1091 4254; x_wconf 89' lang='lat' dir='ltr'>ut</span> <span class='ocrx_word' id='word_1_511' title='bbox 1141 4186 1244 4254; x_wconf 83' lang='lat' dir='ltr'>mea?</span> <span class='ocrx_word' id='word_1_512' title='bbox 1264 4180 1319 4265; x_wconf 83' lang='grc' dir='ltr'>τίς</span> <span class='ocrx_word' id='word_1_513' title='bbox 1332 4176 1479 4259; x_wconf 81' lang='grc' dir='ltr'><em>τούτων</em></span> <span class='ocrx_word' id='word_1_514' title='bbox 1492 4186 1597 4261; x_wconf 71' lang='grc' dir='ltr'><em>ἕνεκα</em></span> <span class='ocrx_word' id='word_1_515' title='bbox 1609 4191 1726 4266; x_wconf 72' lang='grc' dir='ltr'><em>τῶνδ’</em></span> <span class='ocrx_word' id='word_1_516' title='bbox 1743 4194 1856 4275; x_wconf 71' lang='grc' dir='ltr'><em>οὐδὲν</em></span> <span class='ocrx_word' id='word_1_517' title='bbox 1868 4195 1917 4297; x_wconf 82' lang='grc' dir='ltr'>ἦν</span> <span class='ocrx_word' id='word_1_518' title='bbox 1931 4205 1993 4283; x_wconf 76' lang='grc' dir='ltr'><strong><em>ἔτι.</em></strong></span> <span class='ocrx_word' id='word_1_519' title='bbox 2030 4212 2130 4302; x_wconf 81' lang='lat' dir='ltr'>Qua.</span> 
     </span>
     <span class='ocr_line' id='line_1_39' title="bbox 102 4283 2131 4411; baseline 0.015 -54"><span class='ocrx_word' id='word_1_520' title='bbox 102 4306 211 4383; x_wconf 87' lang='lat' dir='ltr'>puto,</span> <span class='ocrx_word' id='word_1_521' title='bbox 236 4292 306 4360; x_wconf 87' lang='lat' dir='ltr'>iarn</span> <span class='ocrx_word' id='word_1_522' title='bbox 328 4291 465 4360; x_wconf 90' lang='lat' dir='ltr'>dudum</span> <span class='ocrx_word' id='word_1_523' title='bbox 485 4286 676 4369; x_wconf 86' lang='lat' dir='ltr'>rescivisti‚</span> <span class='ocrx_word' id='word_1_524' title='bbox 701 4309 817 4379; x_wconf 90' lang='lat' dir='ltr'>neque</span> <span class='ocrx_word' id='word_1_525' title='bbox 841 4307 903 4372; x_wconf 93' lang='lat' dir='ltr'>ego</span> <span class='ocrx_word' id='word_1_526' title='bbox 920 4299 989 4354; x_wconf 89' lang='lat' dir='ltr'>tam</span> <span class='ocrx_word' id='word_1_527' title='bbox 1005 4310 1091 4377; x_wconf 89' lang='lat' dir='ltr'>pro·</span> <span class='ocrx_word' id='word_1_528' title='bbox 1142 4299 1286 4376; x_wconf 89' lang='lat' dir='ltr'>propter</span> <span class='ocrx_word' id='word_1_529' title='bbox 1302 4286 1408 4355; x_wconf 88' lang='lat' dir='ltr'>laudo</span> <span class='ocrx_word' id='word_1_530' title='bbox 1424 4283 1652 4380; x_wconf 81' lang='lat' dir='ltr'>Euripideam</span> <span class='ocrx_word' id='word_1_531' title='bbox 1671 4303 1896 4374; x_wconf 87' lang='lat' dir='ltr'>sententiam:</span> <span class='ocrx_word' id='word_1_532' title='bbox 1928 4305 1972 4381; x_wconf 79' lang='lat' dir='ltr'>cd</span> <span class='ocrx_word' id='word_1_533' title='bbox 1999 4318 2131 4411; x_wconf 82' lang='grc' dir='ltr'><em>σοφεῖν</em></span> 
     </span>
     <span class='ocr_line' id='line_1_40' title="bbox 105 4381 2131 4503; baseline 0.011 -39"><span class='ocrx_word' id='word_1_534' title='bbox 105 4394 178 4464; x_wconf 79' lang='lat' dir='ltr'>lire</span> <span class='ocrx_word' id='word_1_535' title='bbox 195 4415 340 4461; x_wconf 90' lang='lat' dir='ltr'>narrare</span> <span class='ocrx_word' id='word_1_536' title='bbox 361 4391 603 4472; x_wconf 90' lang='lat' dir='ltr'>institueram,</span> <span class='ocrx_word' id='word_1_537' title='bbox 645 4388 779 4457; x_wconf 84' lang='lat' dir='ltr'>veritus</span> <span class='ocrx_word' id='word_1_538' title='bbox 803 4387 1008 4477; x_wconf 78' lang='lat' dir='ltr'>presertim,</span> <span class='ocrx_word' id='word_1_539' title='bbox 1044 4410 1089 4455; x_wconf 89' lang='lat' dir='ltr'>ne</span> <span class='ocrx_word' id='word_1_540' title='bbox 1144 4384 1187 4458; x_wconf 85' lang='grc' dir='ltr'>οὐ</span> <span class='ocrx_word' id='word_1_541' title='bbox 1209 4381 1342 4480; x_wconf 57' lang='lat' dir='ltr'>caepim</span> <span class='ocrx_word' id='word_1_542' title='bbox 1379 4411 1454 4456; x_wconf 91' lang='lat' dir='ltr'>non</span> <span class='ocrx_word' id='word_1_543' title='bbox 1485 4395 1588 4491; x_wconf 31' lang='lat' dir='ltr'>quod·</span> <span class='ocrx_word' id='word_1_544' title='bbox 1608 4397 1793 4470; x_wconf 88' lang='lat' dir='ltr'>stultitiam</span> <span class='ocrx_word' id='word_1_545' title='bbox 1817 4418 1850 4475; x_wconf 90' lang='lat' dir='ltr'>et</span> <span class='ocrx_word' id='word_1_546' title='bbox 1879 4410 2131 4503; x_wconf 82' lang='lat' dir='ltr'>negligentiam</span> 
     </span>
     <span class='ocr_line' id='line_1_41' title="bbox 104 4483 2130 4599; baseline 0.007 -36"><span class='ocrx_word' id='word_1_547' title='bbox 104 4518 183 4565; x_wconf 88' lang='lat' dir='ltr'>non</span> <span class='ocrx_word' id='word_1_548' title='bbox 196 4488 597 4562; x_wconf 89' lang='lat' dir='ltr'>modoadescribendis</span> <span class='ocrx_word' id='word_1_549' title='bbox 612 4483 685 4571; x_wconf 92' lang='lat' dir='ltr'>his,</span> <span class='ocrx_word' id='word_1_550' title='bbox 710 4502 750 4557; x_wconf 95' lang='lat' dir='ltr'>ut</span> <span class='ocrx_word' id='word_1_551' title='bbox 765 4487 833 4571; x_wconf 89' lang='lat' dir='ltr'>ais,</span> <span class='ocrx_word' id='word_1_552' title='bbox 859 4488 920 4555; x_wconf 90' lang='lat' dir='ltr'>sed</span> <span class='ocrx_word' id='word_1_553' title='bbox 943 4488 1091 4556; x_wconf 82' lang='lat' dir='ltr'>etiamn</span> <span class='ocrx_word' id='word_1_554' title='bbox 1142 4487 1308 4579; x_wconf 91' lang='lat' dir='ltr'>probem,</span> <span class='ocrx_word' id='word_1_555' title='bbox 1344 4489 1404 4556; x_wconf 91' lang='lat' dir='ltr'>sed</span> <span class='ocrx_word' id='word_1_556' title='bbox 1428 4491 1511 4582; x_wconf 88' lang='lat' dir='ltr'>quia</span> <span class='ocrx_word' id='word_1_557' title='bbox 1533 4517 1656 4565; x_wconf 85' lang='lat' dir='ltr'>verum</span> <span class='ocrx_word' id='word_1_558' title='bbox 1679 4514 1787 4591; x_wconf 93' lang='lat' dir='ltr'>puto,</span> <span class='ocrx_word' id='word_1_559' title='bbox 1813 4529 1934 4599; x_wconf 87' lang='lat' dir='ltr'>sapere</span> <span class='ocrx_word' id='word_1_560' title='bbox 1960 4537 2032 4585; x_wconf 72' lang='lat' dir='ltr'>esse</span> <span class='ocrx_word' id='word_1_561' title='bbox 2055 4543 2130 4593; x_wconf 88' lang='lat' dir='ltr'>non</span> 
     </span>
     <span class='ocr_line' id='line_1_42' title="bbox 103 4588 1445 4686; baseline -0.002 -21"><span class='ocrx_word' id='word_1_562' title='bbox 103 4595 265 4686; x_wconf 85' lang='lat' dir='ltr'>legendis</span> <span class='ocrx_word' id='word_1_563' title='bbox 284 4588 502 4664; x_wconf 88' lang='lat' dir='ltr'>abhorreres.</span> <span class='ocrx_word' id='word_1_564' title='bbox 552 4588 754 4658; x_wconf 85' lang='lat' dir='ltr'>Praefectus</span> <span class='ocrx_word' id='word_1_565' title='bbox 774 4601 892 4657; x_wconf 89' lang='lat' dir='ltr'>autem</span> <span class='ocrx_word' id='word_1_566' title='bbox 912 4612 1091 4656; x_wconf 88' lang='lat' dir='ltr'>commen·</span> <span class='ocrx_word' id='word_1_567' title='bbox 1131 4588 1294 4660; x_wconf 69' lang='lat' dir='ltr'>,nimium</span> <span class='ocrx_word' id='word_1_568' title='bbox 1314 4612 1445 4679; x_wconf 85' lang='lat' dir='ltr'>sapere.</span> 
     </span>
    </p>
   </div>
   <div class='ocr_carea' id='block_1_3' title="bbox 103 4689 2191 4838">
    <p class='ocr_par' dir='ltr' id='par_1_4' title="bbox 103 4689 2191 4838">
     <span class='ocr_line' id='line_1_43' title="bbox 103 4689 2191 4838; baseline -0.001 -70"><span class='ocrx_word' id='word_1_569' title='bbox 103 4697 215 4768; x_wconf 77' lang='lat' dir='ltr'>turios</span> <span class='ocrx_word' id='word_1_570' title='bbox 227 4694 333 4765; x_wconf 89' lang='lat' dir='ltr'>etiam</span> <span class='ocrx_word' id='word_1_571' title='bbox 356 4693 509 4764; x_wconf 87' lang='lat' dir='ltr'>confecit</span> <span class='ocrx_word' id='word_1_572' title='bbox 529 4690 708 4776; x_wconf 82' lang='lat' dir='ltr'>omnium3</span> <span class='ocrx_word' id='word_1_573' title='bbox 738 4691 801 4758; x_wconf 87' lang='lat' dir='ltr'>sed</span> <span class='ocrx_word' id='word_1_574' title='bbox 820 4689 901 4756; x_wconf 93' lang='lat' dir='ltr'>illos</span> <span class='ocrx_word' id='word_1_575' title='bbox 933 4712 995 4780; x_wconf 89' lang='lat' dir='ltr'>ego</span> <span class='ocrx_word' id='word_1_576' title='bbox 1017 4714 1092 4760; x_wconf 90' lang='lat' dir='ltr'>non</span> <span class='ocrx_word' id='word_1_577' title='bbox 1248 4721 1318 4794; x_wconf 63' lang='lat' dir='ltr'>Sed</span> <span class='ocrx_word' id='word_1_578' title='bbox 1336 4724 1442 4793; x_wconf 63' lang='lat' dir='ltr'>redeo</span> <span class='ocrx_word' id='word_1_579' title='bbox 1459 4727 1503 4795; x_wconf 66' lang='lat' dir='ltr'>ad</span> <span class='ocrx_word' id='word_1_580' title='bbox 1519 4730 1711 4819; x_wconf 43' lang='lat' dir='ltr'><strong>superiora·</strong></span> <span class='ocrx_word' id='word_1_581' title='bbox 1752 4733 1895 4814; x_wconf 51' lang='lat' dir='ltr'>Dicitur</span> <span class='ocrx_word' id='word_1_582' title='bbox 1914 4745 2040 4838; x_wconf 63' lang='lat' dir='ltr'>ingens</span> <span class='ocrx_word' id='word_1_583' title='bbox 2057 4775 2132 4825; x_wconf 61' lang='lat' dir='ltr'><strong>esse</strong></span> <span class='ocrx_word' id='word_1_584' title='bbox 2180 4787 2191 4795; x_wconf 83' lang='lat'>..</span> 
     </span>
    </p>
   </div>
   <div class='ocr_carea' id='block_1_4' title="bbox 103 4786 2136 5438">
    <p class='ocr_par' dir='ltr' id='par_1_5' title="bbox 103 4786 2136 5355">
     <span class='ocr_line' id='line_1_44' title="bbox 104 4786 2133 4950; baseline 0.03 -85"><span class='ocrx_word' id='word_1_585' title='bbox 104 4798 195 4869; x_wconf 80' lang='lat' dir='ltr'>vidi.</span> <span class='ocrx_word' id='word_1_586' title='bbox 244 4793 360 4866; x_wconf 80' lang='lat' dir='ltr'>Aiunt</span> <span class='ocrx_word' id='word_1_587' title='bbox 374 4809 409 4865; x_wconf 91' lang='lat' dir='ltr'>et</span> <span class='ocrx_word' id='word_1_588' title='bbox 424 4786 636 4864; x_wconf 79' lang='lat' dir='ltr'>Gerurdum</span> <span class='ocrx_word' id='word_1_589' title='bbox 649 4803 783 4883; x_wconf 88' lang='lat' dir='ltr'>partem</span> <span class='ocrx_word' id='word_1_590' title='bbox 807 4790 949 4859; x_wconf 90' lang='lat' dir='ltr'>illarum</span> <span class='ocrx_word' id='word_1_591' title='bbox 974 4816 1093 4909; x_wconf 62' lang='lat' dir='ltr'>retum</span> <span class='ocrx_word' id='word_1_592' title='bbox 1145 4826 1286 4918; x_wconf 77' lang='lat' dir='ltr'>pondus</span> <span class='ocrx_word' id='word_1_593' title='bbox 1308 4820 1527 4908; x_wconf 88' lang='lat' dir='ltr'>chartarum,</span> <span class='ocrx_word' id='word_1_594' title='bbox 1553 4829 1591 4898; x_wconf 90' lang='lat' dir='ltr'>in</span> <span class='ocrx_word' id='word_1_595' title='bbox 1614 4834 1744 4924; x_wconf 93' lang='lat' dir='ltr'>quibus</span> <span class='ocrx_word' id='word_1_596' title='bbox 1764 4846 1956 4937; x_wconf 89' lang='lat' dir='ltr'>perscripta</span> <span class='ocrx_word' id='word_1_597' title='bbox 1980 4853 2026 4922; x_wconf 88' lang='lat' dir='ltr'>sit</span> <span class='ocrx_word' id='word_1_598' title='bbox 2046 4846 2133 4950; x_wconf 75' lang='lat' dir='ltr'>Ly·</span> 
     </span>
     <span class='ocr_line' id='line_1_45' title="bbox 104 4890 2132 5039; baseline 0.031 -70"><span class='ocrx_word' id='word_1_599' title='bbox 104 4899 221 4970; x_wconf 89' lang='lat' dir='ltr'>literis</span> <span class='ocrx_word' id='word_1_600' title='bbox 242 4899 451 5015; x_wconf 68' lang='lat' dir='ltr'>mandasse,</span> <span class='ocrx_word' id='word_1_601' title='bbox 469 4907 505 4965; x_wconf 92' lang='lat' dir='ltr'>et</span> <span class='ocrx_word' id='word_1_602' title='bbox 526 4895 677 5013; x_wconf 78' lang='lat' dir='ltr'>alterum</span> <span class='ocrx_word' id='word_1_603' title='bbox 695 4893 871 5010; x_wconf 80' lang='lat' dir='ltr'>quendam</span> <span class='ocrx_word' id='word_1_604' title='bbox 891 4890 1094 4963; x_wconf 87' lang='lat' dir='ltr'>Lovamen-</span> <span class='ocrx_word' id='word_1_605' title='bbox 1147 4923 1316 4996; x_wconf 74' lang='lat' dir='ltr'>cronicae</span> <span class='ocrx_word' id='word_1_606' title='bbox 1338 4925 1470 4996; x_wconf 72' lang='lat' dir='ltr'>causae</span> <span class='ocrx_word' id='word_1_607' title='bbox 1492 4921 1657 5028; x_wconf 73' lang='lat' dir='ltr'>defensio</span> <span class='ocrx_word' id='word_1_608' title='bbox 1679 4951 1714 5009; x_wconf 91' lang='lat' dir='ltr'>et</span> <span class='ocrx_word' id='word_1_609' title='bbox 1730 4946 1904 5016; x_wconf 90' lang='lat' dir='ltr'>accusatio</span> <span class='ocrx_word' id='word_1_610' title='bbox 1919 4955 1988 5022; x_wconf 84' lang='grc' dir='ltr'>τοῦ</span> <span class='ocrx_word' id='word_1_611' title='bbox 2001 4949 2132 5039; x_wconf 77' lang='grc' dir='ltr'><em>δεῖνος.</em></span> 
     </span>
     <span class='ocr_line' id='line_1_46' title="bbox 103 4991 2134 5135; baseline 0.031 -70"><span class='ocrx_word' id='word_1_612' title='bbox 103 5024 181 5070; x_wconf 85' lang='lat' dir='ltr'>sem</span> <span class='ocrx_word' id='word_1_613' title='bbox 197 5024 293 5070; x_wconf 92' lang='lat' dir='ltr'>nunc</span> <span class='ocrx_word' id='word_1_614' title='bbox 307 5021 396 5089; x_wconf 90' lang='lat' dir='ltr'>opus</span> <span class='ocrx_word' id='word_1_615' title='bbox 413 4992 582 5067; x_wconf 76' lang='lat' dir='ltr'>historrae</span> <span class='ocrx_word' id='word_1_616' title='bbox 597 4991 704 5114; x_wconf 78' lang='lat' dir='ltr'>huius</span> <span class='ocrx_word' id='word_1_617' title='bbox 721 5018 760 5064; x_wconf 82' lang='grc' dir='ltr'>ιιι</span> <span class='ocrx_word' id='word_1_618' title='bbox 771 4994 941 5113; x_wconf 56' lang='lat' dir='ltr'>Jnamhus</span> <span class='ocrx_word' id='word_1_619' title='bbox 954 4991 1094 5119; x_wconf 63' lang='lat' dir='ltr'>habffe·</span> <span class='ocrx_word' id='word_1_620' title='bbox 1146 5025 1262 5099; x_wconf 89' lang='lat' dir='ltr'>Credo</span> <span class='ocrx_word' id='word_1_621' title='bbox 1277 5049 1350 5097; x_wconf 87' lang='lat' dir='ltr'>osse</span> <span class='ocrx_word' id='word_1_622' title='bbox 1364 5028 1474 5098; x_wconf 90' lang='lat' dir='ltr'>multa</span> <span class='ocrx_word' id='word_1_623' title='bbox 1492 5032 1668 5122; x_wconf 86' lang='lat' dir='ltr'>sapienter</span> <span class='ocrx_word' id='word_1_624' title='bbox 1689 5063 1709 5109; x_wconf 92' lang='lat' dir='ltr'>a</span> <span class='ocrx_word' id='word_1_625' title='bbox 1723 5044 1940 5135; x_wconf 87' lang='lat' dir='ltr'>sapientibus</span> <span class='ocrx_word' id='word_1_626' title='bbox 1958 5053 2043 5126; x_wconf 92' lang='lat' dir='ltr'>viris</span> <span class='ocrx_word' id='word_1_627' title='bbox 2060 5060 2134 5129; x_wconf 92' lang='lat' dir='ltr'>col-</span> 
     </span>
     <span class='ocr_line' id='line_1_47' title="bbox 104 5098 2132 5232; baseline 0.029 -62"><span class='ocrx_word' id='word_1_628' title='bbox 104 5099 189 5171; x_wconf 85' lang='lat' dir='ltr'>Hoc</span> <span class='ocrx_word' id='word_1_629' title='bbox 209 5124 293 5171; x_wconf 90' lang='lat' dir='ltr'>vero</span> <span class='ocrx_word' id='word_1_630' title='bbox 314 5099 584 5191; x_wconf 84' lang='lat' dir='ltr'>significandum</span> <span class='ocrx_word' id='word_1_631' title='bbox 606 5099 674 5167; x_wconf 88' lang='lat' dir='ltr'>t1b1</span> <span class='ocrx_word' id='word_1_632' title='bbox 698 5098 805 5181; x_wconf 78' lang='lat' dir='ltr'>duxi,</span> <span class='ocrx_word' id='word_1_633' title='bbox 831 5108 993 5167; x_wconf 89' lang='lat' dir='ltr'>nostrum</span> <span class='ocrx_word' id='word_1_634' title='bbox 1010 5123 1096 5198; x_wconf 73' lang='grc' dir='ltr'><em>ηνε·</em></span> <span class='ocrx_word' id='word_1_635' title='bbox 1147 5131 1254 5215; x_wconf 67' lang='lat' dir='ltr'>lecta,</span> <span class='ocrx_word' id='word_1_636' title='bbox 1287 5130 1349 5198; x_wconf 82' lang='lat' dir='ltr'>sed</span> <span class='ocrx_word' id='word_1_637' title='bbox 1381 5124 1473 5197; x_wconf 90' lang='lat' dir='ltr'>mihi</span> <span class='ocrx_word' id='word_1_638' title='bbox 1505 5132 1544 5200; x_wconf 90' lang='lat' dir='ltr'>in</span> <span class='ocrx_word' id='word_1_639' title='bbox 1566 5136 1686 5209; x_wconf 91' lang='lat' dir='ltr'>animo</span> <span class='ocrx_word' id='word_1_640' title='bbox 1709 5157 1761 5212; x_wconf 93' lang='lat' dir='ltr'>est</span> <span class='ocrx_word' id='word_1_641' title='bbox 1782 5139 2000 5232; x_wconf 88' lang='lat' dir='ltr'>homericum</span> <span class='ocrx_word' id='word_1_642' title='bbox 2025 5158 2132 5230; x_wconf 89' lang='lat' dir='ltr'>illud:</span> 
     </span>
     <span class='ocr_line' id='line_1_48' title="bbox 1149 5224 2136 5355; baseline 0.03 -53"><span class='ocrx_word' id='word_1_643' title='bbox 1149 5228 1266 5305; x_wconf 75' lang='grc' dir='ltr'><em>ἐπέων</em></span> <span class='ocrx_word' id='word_1_644' title='bbox 1280 5224 1321 5302; x_wconf 78' lang='grc' dir='ltr'>δὲ</span> <span class='ocrx_word' id='word_1_645' title='bbox 1332 5225 1447 5311; x_wconf 75' lang='grc' dir='ltr'><strong><em>πολὺς</em></strong></span> <span class='ocrx_word' id='word_1_646' title='bbox 1459 5228 1574 5353; x_wconf 42' lang='grc' dir='ltr'><em>νομὸς</em></span> <span class='ocrx_word' id='word_1_647' title='bbox 1589 5234 1686 5312; x_wconf 76' lang='grc' dir='ltr'><em>ἔνθα</em></span> <span class='ocrx_word' id='word_1_648' title='bbox 1698 5240 1761 5319; x_wconf 81' lang='grc' dir='ltr'>καὶ</span> <span class='ocrx_word' id='word_1_649' title='bbox 1775 5243 1883 5325; x_wconf 76' lang='grc' dir='ltr'><em>ἔνθα.</em></span> <span class='ocrx_word' id='word_1_650' title='bbox 1919 5253 2052 5338; x_wconf 81' lang='lat' dir='ltr'>Tibine</span> <span class='ocrx_word' id='word_1_651' title='bbox 2067 5261 2136 5355; x_wconf 82' lang='lat' dir='ltr'>igi-</span> 
     </span>
    </p>

    <p class='ocr_par' dir='ltr' id='par_1_6' title="bbox 141 5362 1096 5438">
     <span class='ocr_line' id='line_1_49' title="bbox 141 5362 1096 5438; baseline 0.024 -41"><span class='ocrx_word' id='word_1_652' title='bbox 141 5368 175 5438; x_wconf 59' lang='grc' dir='ltr'>η)</span> <span class='ocrx_word' id='word_1_653' title='bbox 192 5368 327 5423; x_wconf 58' lang='lat' dir='ltr'>mmm</span> <span class='ocrx_word' id='word_1_654' title='bbox 341 5365 403 5421; x_wconf 61' lang='lat' dir='ltr'>dedi</span> <span class='ocrx_word' id='word_1_655' title='bbox 416 5383 466 5438; x_wconf 83' lang='lat' dir='ltr'>pro</span> <span class='ocrx_word' id='word_1_656' title='bbox 480 5383 564 5426; x_wconf 80' lang='lat' dir='ltr'>nam,</span> <span class='ocrx_word' id='word_1_657' title='bbox 582 5364 656 5435; x_wconf 89' lang='lat' dir='ltr'>quod</span> <span class='ocrx_word' id='word_1_658' title='bbox 671 5363 750 5417; x_wconf 87' lang='lat' dir='ltr'>babet</span> <span class='ocrx_word' id='word_1_659' title='bbox 761 5362 937 5433; x_wconf 78' lang='lat' dir='ltr'>apographon</span> <span class='ocrx_word' id='word_1_660' title='bbox 948 5364 1014 5418; x_wconf 87' lang='lat' dir='ltr'>mihi</span> <span class='ocrx_word' id='word_1_661' title='bbox 1029 5364 1096 5419; x_wconf 88' lang='lat' dir='ltr'>mis-</span> 
     </span>
    </p>
   </div>
   <div class='ocr_carea' id='block_1_5' title="bbox 151 5445 1483 5597">
    <p class='ocr_par' dir='ltr' id='par_1_7' title="bbox 151 5445 1483 5597">
     <span class='ocr_line' id='line_1_50' title="bbox 175 5445 1340 5572; baseline -0.001 -67"><span class='ocrx_word' id='word_1_662' title='bbox 175 5469 250 5505; x_wconf 74' lang='lat' dir='ltr'>eum.</span> <span class='ocrx_word' id='word_1_663' title='bbox 287 5449 417 5504; x_wconf 81' lang='lat' dir='ltr'>Nostrum</span> <span class='ocrx_word' id='word_1_664' title='bbox 434 5449 599 5518; x_wconf 80' lang='lat' dir='ltr'>compendio</span> <span class='ocrx_word' id='word_1_665' title='bbox 614 5447 745 5572; x_wconf 52' lang='lat' dir='ltr'>scribtum</span> <span class='ocrx_word' id='word_1_666' title='bbox 760 5445 827 5505; x_wconf 68' lang='lat' dir='ltr'>n&#39;rr&#39;n</span> <span class='ocrx_word' id='word_1_667' title='bbox 838 5446 917 5504; x_wconf 78' lang='lat' dir='ltr'>facile</span> <span class='ocrx_word' id='word_1_668' title='bbox 932 5445 1030 5519; x_wconf 84' lang='lat' dir='ltr'>legitur</span> <span class='ocrx_word' id='word_1_669' title='bbox 1045 5468 1096 5521; x_wconf 90' lang='lat' dir='ltr'>pro</span> <span class='ocrx_word' id='word_1_670' title='bbox 1334 5520 1340 5534; x_wconf 94' lang='lat'><strong><em>.</em></strong></span> 
     </span>
     <span class='ocr_line' id='line_1_51' title="bbox 151 5515 1483 5597; baseline 0.001 -25"><span class='ocrx_word' id='word_1_671' title='bbox 151 5560 155 5565; x_wconf 88' lang='lat'><em>.</em></span> <span class='ocrx_word' id='word_1_672' title='bbox 175 5537 255 5576; x_wconf 73' lang='lat' dir='ltr'>nane</span> <span class='ocrx_word' id='word_1_673' title='bbox 290 5518 423 5590; x_wconf 82' lang='lat' dir='ltr'>Princeps</span> <span class='ocrx_word' id='word_1_674' title='bbox 436 5525 477 5572; x_wconf 83' lang='lat' dir='ltr'>est</span> <span class='ocrx_word' id='word_1_675' title='bbox 490 5515 652 5582; x_wconf 79' lang='lat' dir='ltr'>Mauritius,</span> <span class='ocrx_word' id='word_1_676' title='bbox 700 5517 887 5597; x_wconf 68' lang='lat' dir='ltr'>reserarier.</span> <span class='ocrx_word' id='word_1_677' title='bbox 1182 5519 1213 5589; x_wconf 75' lang='grc'>*)</span> <span class='ocrx_word' id='word_1_678' title='bbox 1230 5519 1278 5577; x_wconf 83' lang='lat' dir='ltr'>Sic</span> <span class='ocrx_word' id='word_1_679' title='bbox 1289 5528 1418 5591; x_wconf 71' lang='lat' dir='ltr'>scripturn</span> <span class='ocrx_word' id='word_1_680' title='bbox 1433 5531 1483 5585; x_wconf 74' lang='lat' dir='ltr'>est,</span> 
     </span>
    </p>
   </div>
   <div class='ocr_carea' id='block_1_6' title="bbox 1344 5588 1423 5679">
    <p class='ocr_par' dir='ltr' id='par_1_8' title="bbox 1344 5588 1423 5679">
     <span class='ocr_line' id='line_1_52' title="bbox 1344 5588 1423 5679; baseline 0 -14"><span class='ocrx_word' id='word_1_681' title='bbox 1344 5588 1423 5679; x_wconf 66' lang='lat'>16*</span> 
     </span>
    </p>
   </div>
   <div class='ocr_carea' id='block_1_7' title="bbox 0 0 2449 6420">
    <p class='ocr_par' dir='ltr' id='par_1_9' title="bbox 0 0 2449 6420">
     <span class='ocr_line' id='line_1_53' title="bbox 0 0 2449 6420; baseline 0 0"><span class='ocrx_word' id='word_1_682' title='bbox 0 0 2449 6420; x_wconf 95' lang='lat' dir='ltr'> </span> 
     </span>
    </p>
   </div>
  </div>
 </body>
</html>
