4882 6426
191 353 272 428 421
545 448 547 452 ¹
779 345 1230 430 euarsronaauar
1280 344 1387 422 em.
1422 344 1487 424 nr.
1541 346 1675 424 caat.
1745 317 1752 321 ’
2182 357 2260 432 aaa

193 525 262 600 No,
279 522 393 600 2967,
1054 535 1113 599 20.
1132 523 1202 596 lun.
1254 519 1492 593 literatorum.
1542 515 1607 591 Est
1628 520 1724 590 enim
1747 522 1930 613 ingeniosa
1952 540 1986 598 et
2006 541 2091 600 tunc
2110 545 2256 623 propter

205 622 379 654 ww
1062 619 1199 645 ’Ν
1254 647 1339 715 opes
1371 636 1405 693 et
1437 623 1644 712 dignitatem
1680 625 1817 697 colebat
1848 630 1965 699 studia
2002 631 2184 702 literarum
2210 632 2251 727 ²).

604 705 802 822 Sittapt‘o.
1252 722 1357 796 Nunc
1383 737 1518 796 tantam
1541 725 1762 795 literatorum
1785 729 2017 800 turbammon
2035 728 2152 806 habet.
2203 731 2252 806 Et

298 867 399 924 Mum
416 866 517 943 tamg.
535 886 564 943 p.
576 869 629 926 {tt
641 889 684 943 eq.
1253 839 1372 898 tamen
1390 827 1509 912 vides,
1532 827 1694 896 ecclesias
1709 829 1786 896 sine
1802 830 1935 915 literis,
1958 833 2035 901 sine
2051 835 2251 907 eruditione
2329 915 2337 923 ,

314 1008 327 1034 ·
1050 987 1058 1004 ,
1251 927 1442 1019 multiplici
1465 951 1540 997 non
1565 928 1638 1017 regi
1664 952 1776 1019 posse.
1842 928 1939 1002 Haec
1963 929 2054 1003 mihi
2077 938 2249 1009 scribenti

210 1020 303 1104 Μ.
326 1023 550 1124 Sinapio,
581 1020 836 1126 Philippus
859 1019 1160 1098 Melanthum
1250 1030 1410 1102 venitin
1433 1043 1589 1100 mentem
1612 1029 1676 1098 filii
1702 1032 1772 1116 tui,
1806 1034 1869 1125 qui
1888 1055 2016 1124 magno
2037 1054 2246 1111 ornamento

198 1143 318 1239 8⁶1).
375 1160 493 1233 Deum
526 1177 710 1233 aeternum
745 1175 879 1254 pamm
905 1159 1055 1233 Domini
1083 1159 1197 1231 nostri
1249 1131 1392 1202 futurus
1409 1145 1483 1201 erat
1500 1129 1664 1202 ecclesiae
1679 1129 1766 1217 Dei,
1799 1135 1830 1203 si
1852 1135 2007 1210 vixisseta
2056 1136 2159 1230 Rogo
2179 1142 2249 1232 igi-

198 1264 282 1336 lesu
302 1261 457 1349 Christi,
498 1263 656 1335 cnecifixi
678 1290 745 1358 pro
768 1264 890 1349 nobis,
928 1277 964 1334 et
987 1263 1197 1346 resuscitati,
1248 1245 1325 1318 ²⁰¹2
1357 1245 1398 1303 ut
1419 1233 1568 1352 ⁶⁰gl¹⁰}›
1602 1258 1673 1326 ‘1¹¹⁰
1698 1235 1806 1353 ¹¹²2d0
1830 1235 2006 1308 samniae
2028 1243 2245 1318 ⁰⁰nsulalur·

200 1369 422 1451 conditorem
448 1362 597 1437 humani
621 1366 781 1456 generis,
821 1378 856 1435 et
883 1388 1009 1436 verum
1035 1379 1195 1436 autorem
1221 1356 1224 1392 ¹
1247 1333 1446 1407 Bessewlle·
1496 1331 1640 1408 ῙΜῙ·
1658 1333 1754 1408 Ῑῦωῑ
1773 1333 1883 1411 1544·
1971 1424 1973 1428 .

198 1471 356 1560 coniugii
380 1492 419 1538 ac
442 1467 665 1538 dulcissimae
689 1468 864 1538 societatis
887 1467 994 1538 maris
1014 1480 1050 1539 et
1068 1466 1196 1537 foemi-

198 1594 279 1658 nae,
299 1571 396 1642 unde
407 1566 602 1640 Ecclesiam
616 1570 686 1640 sibi
700 1582 906 1662 perpetuam
920 1592 1115 1662 propagare
1130 1593 1195 1638 vo-

197 1674 285 1759 luit,
308 1697 390 1757 oro,
414 1684 457 1742 ut
471 1672 541 1742 tuis
557 1672 691 1764 nuptiis
708 1673 839 1756 faveat,
863 1683 898 1742 et
912 1671 980 1743 tibi
995 1685 1029 1741 et
1047 1693 1195 1763 sponsae
1244 1683 1312 1758 No,
1328 1684 1443 1762 2909,
2085 1700 2143 1766 24,
2161 1695 2230 1766 lun.

198 1790 282 1848 tuae
296 1776 356 1844 det
371 1774 604 1867 tranquillum
619 1787 654 1846 et
666 1773 749 1843 selix
763 1773 983 1863 coniugium:
1004 1773 1095 1844 sicut
1109 1796 1194 1864 pro-
1244 1780 1416 1810 Μ
2082 1789 2222 1818 ⁹⁹⁸⁴

197 1877 297 1948 misit
311 1873 509 1961 Ecclesiae,
541 1899 577 1944 se
594 1872 680 1946 haec
694 1875 787 1944 vitae
802 1897 929 1964 genera
947 1875 1120 1946 divinitus
1136 1875 1194 1943 in·
1413 1883 1414 1889 ’
1529 1873 1676 1958 Ioach,
1707 1868 1969 1959 Gammae-io,

198 1981 340 2065 stituta,
373 1979 418 2048 ad
443 1975 621 2048 Ecclesiae
645 1977 948 2047 conservationem
971 1989 1193 2047 servaturum

199 2102 285 2156 esse.
333 2076 410 2170 Ego
434 2079 465 2147 si
489 2102 625 2170 possem
645 2075 731 2149 binc
754 2078 948 2168 expaciari,
981 2078 1071 2149 istuc
1093 2077 1194 2147 veni-

198 2207 285 2257 rem.
351 2183 423 2253 Sed
447 2205 560 2267 nunc,
599 2195 640 2252 ut
663 2182 728 2251 scit
751 2173 938 2266 Clemens,
978 2203 1035 2250 me
1059 2182 1192 2251 multae
1243 2171 1470 2254 Clarissimo
1492 2183 1571 2255 viro
1597 2179 1800 2256 eruditione
1824 2171 1858 2253 ‘et
1882 2182 2011 2254 virtute
2031 2189 2243 2283 praestanti

200 2306 324 2355 causae
341 2283 483 2376 publice
498 2296 532 2353 et
546 2283 711 2376 privatim
727 2283 900 2354 detinent.
1243 2279 1274 2354 I
1278 2279 1486 2356 oachimo
1513 2279 1788 2358 Camerario
1813 2278 2058 2380 Pubergensi,
2090 2284 2243 2361 Rectori

209 2423 215 2435 ·
290 2383 457 2478 *Expecto
483 2399 676 2455 conventus
698 2381 887 2480 Spirensis
909 2387 1068 2470 decreta,
1102 2407 1192 2478 quae
1342 2381 1563 2457 Academiae
1577 2382 1772 2485 Lipsiaae,
1799 2385 1918 2456 amieo
1933 2413 2001 2459 sao
2018 2387 2144 2461 cariss.

199 2503 320 2560 tamen
337 2511 438 2579 spero
455 2488 749 2580 tranquillatore.
807 2485 898 2556 Nam
914 2481 1031 2557 adhuc
1048 2487 1200 2593 quidem
1242 2500 1360 2596 &12
1415 2519 1522 2612 Quod
1546 2522 1586 2591 in
1608 2522 1670 2591 5113
1693 2520 1809 2615 prima
1835 2522 2005 2593 concione
2026 2525 2146 2614 generi
2171 2521 2241 2597 hu,

200 2613 279 2683 ⁸p0⁵
301 2603 372 2674 est,
404 2587 655 2680 lfflpssfalffl‘effl
678 2587 785 2659 ‘dicti
799 2586 997 2679 A⁰b¹¹³¹³¹¹l
1021 2589 1193 2659 alumna·
1243 2647 1350 2694 mano
1371 2625 1625 2695 denunciatum
1646 2636 1715 2709 est,
1746 2623 1998 2694 insidiaturum
2019 2650 2092 2695 esse
2112 2623 2239 2699 Eccle-

200 2706 272 2762 lem
287 2704 530 2781 m¹¹¹3³l¹¹m¹¹¹
546 2714 635 2760 ‘⁸⁵⁰²
662 2686 731 2761 ¹¹⁰⁰
746 2703 816 2777 ⁰⁸²³
840 2692 1041 2761 ‘mmmm
1055 2691 1195 2760 ⁰⁰¹¹f²⁸‘
1243 2726 1316 2796 siae
1340 2726 1502 2796 calcaneo
1518 2723 1738 2810 Draconem,
1767 2725 1804 2793 id
1828 2725 1992 2794 atrociter
2015 2725 2106 2813 lieri,
2132 2753 2239 2801 even-

202 2793 316 2861 sionis
336 2806 490 2877 nostrae,
522 2817 612 2886 quae
636 2794 814 2882 Augustae
837 2787 994 2863 exhibita
1016 2805 1084 2877 est,
1116 2816 1191 2861 non
1245 2839 1302 2898 tus
1318 2829 1483 2900 ostendit·
1532 2826 1601 2898 sed
1620 2824 1888 2896 oremusfflium
1902 2823 1989 2911 net,
2009 2817 2240 2920 quemdum,

201 2916 277 2962 csse
293 2907 566 2984 persecuturum.
618 2882 801 2964 Clementi
820 2895 1009 2964 consilium
1031 2895 1193 2964 dedimus
1244 2931 1332 3000 dum
1353 2929 1406 2999 ibi
1429 2952 1571 3023 quoque
1594 2928 1831 3019 promittitur,

198 2993 246 3068 D.
262 2993 388 3066 Pastor
401 3007 434 3065 et
449 3019 524 3084 ego,
549 3011 590 3066 ut
603 3021 684 3067 mox
699 3000 743 3068 ad
762 3009 795 3066 te
809 2996 1061 3087 proficiscatur.
1101 2994 1192 3065 Nam

201 3097 319 3167 subito
352 3097 513 3167 ordinari
547 3099 698 3188 publicis
731 3097 941 3167 ceremoniis
967 3122 1042 3168 non
1067 3098 1194 3191 potuit,

201 3213 320 3291 postea
337 3224 421 3277 vero
437 3199 594 3268 remittes
608 3224 704 3271 cum:
730 3200 788 3268 sed
800 3196 993 3272 Ecclesiam
1009 3202 1107 3270 decet
1121 3200 1193 3268 lar-

202 3302 269 3389 giri
286 3301 318 3368 ei
331 3301 526 3370 viaticum.‘
561 3299 658 3373 Bene
671 3303 767 3387 vale,
792 3299 860 3371 Die
874 3302 935 3372 20.
951 3300 1066 3388 lunii,
1084 3298 1193 3371 Anno

205 3399 314 3475 1544.

1313 2026 1398 2102 Epist·
1413 2029 1447 2086 ad
1459 2029 1600 2130 βιαιως.
1614 2052 1642 2104 p.
1654 2029 1708 2087 472
1718 2049 1780 2103 sqq·
1799 2031 1853 2100 (ed.
1863 2029 1953 2086 land.
1966 2031 2016 2090 tv.
2029 2051 2073 2105 ep.
2082 2032 2166 2104 stt).

1863 2941 1905 2998 ut
1928 2931 2109 3010 conculcet
2134 2949 2239 3025 caput

1244 3028 1451 3124 Draconis„
1479 3027 1556 3100 Hac
1578 3030 1790 3120 cogitatione
1813 3028 1959 3098 nisime
1982 3045 2161 3129 utcunque
2178 3059 2239 3106 su-

1245 3147 1433 3206 stentarem
1441 3183 1454 3216 ,
1482 3156 1525 3200 ex
1540 3126 1606 3201 hac
1620 3133 1692 3201 vita
1710 3132 1937 3205 discederem.
1988 3130 2080 3202 Nam
2096 3137 2141 3205 ad
2157 3140 2239 3206 vul-

1245 3258 1332 3315 nus,
1372 3235 1470 3328 quod
1496 3233 1686 3304 domestica
1712 3227 1804 3301 mihi
1833 3234 2012 3303 calamitas
2038 3237 2138 3322 fecit,
2178 3263 2238 3310 ac-

1245 3338 1349 3407 cessit
1370 3337 1538 3420 alterum,
1571 3332 1801 3427 Hieronymo
1814 3326 2112 3429 Paamgartnero
2127 3356 2239 3431 capto,

1245 3463 1351 3531 quem
1375 3437 1497 3507 multis
1521 3439 1565 3506 de
1586 3439 1717 3506 caussis
1739 3459 1822 3505 vere
1847 3453 1943 3508 etex
1969 3440 2088 3509 animo
2114 3442 2236 3530 diligo.

1247 3539 1365 3628 Quem
1379 3540 1474 3609 enim
1491 3539 1563 3608 ulla
1582 3540 1619 3606 in
1635 3539 1774 3607 civitate
1790 3539 1906 3608 virum
1925 3542 2052 3608 melius
2072 3544 2237 3614 meritum

1248 3643 1291 3710 de
1306 3663 1368 3710 sua
1384 3638 1474 3730 Rep.
1489 3640 1533 3708 de
1547 3635 1718 3723 Ecclesia,
1745 3640 1789 3707 de
1803 3641 1931 3709 studiis
1948 3642 2155 3727 litterarum,
2177 3659 2240 3715 aut

201 3775 379 3850 Noauos
781 3771 784 3776 ·
1041 3791 1085 3854 2¹
1112 3783 1170 3849 lun
1247 3743 1358 3833 magis
1393 3754 1558 3810 ornatum
1590 3741 1790 3811 domesticis
1824 3743 2016 3812 ¹virtutibus
2052 3746 2238 3816 nominare

207 3829 392 3901 Μ’
1024 3831 1195 3903 *02⁵2
1247 3842 1458 3936 possumus?
1489 3866 1529 3910 ac
1543 3841 1697 3910 vicissim
1714 3841 1774 3910 ille
1791 3865 1857 3910 nos
1872 3843 1999 3932 diligit.
2056 3842 2138 3914 Non
2156 3871 2238 3938 pos-

528 3932 537 3955 Ἃ
559 3959 615 4044 Ν,
645 3960 846 4048 Medlgpo·
1248 3971 1327 4018 sum
1342 3945 1451 4035 igitur
1468 3967 1542 4012 non
1556 3938 1784 4013 vehementer
1798 3944 1917 4039 dolere
1938 3946 2043 4046 talem
2060 3963 2094 4017 et
2109 3947 2238 4020 Virum

1247 4061 1282 4118 et
1295 4049 1446 4117 amicum
1463 4047 1654 4115 intantum
1672 4046 1862 4114 discrimen
1877 4047 2024 4116 venisse.
2046 4032 2050 4040 ¹
2080 4045 2158 4118 Etsi
2174 4075 2251 4121 au-·

274 4130 298 4181 ¹
309 4122 752 4266 altaaltttltldtdt?;
765 4124 1197 4267 attitulat?:ttajtlst
1247 4163 1316 4221 1⁰⁰¹
1340 4173 1412 4218 ¹¹⁰⁰
1437 4148 1583 4230 dubito,
1610 4146 1779 4217 ⁶⁰⁵²0d¹ri
1796 4170 1876 4215 ‘um
1892 4170 1911 4216 ³
1926 4144 2002 4217 ⁰⁶⁰
2017 4162 2161 4219 aeterno
2175 4178 2239 4244 ra·

307 4283 349 4337 ep.
360 4265 421 4333 89„
438 4281 553 4318 nanee:
566 4265 660 4319 eodem
674 4265 770 4321 codiee
785 4274 909 4320 accurate
921 4263 1067 4338 descripta.
1247 4264 1300 4321 lte
1314 4248 1462 4319 Domini
1477 4248 1589 4318 noslt'l
1606 4245 1685 4316 lesu
1701 4242 1853 4330 Chrlsll,
1879 4273 1984 4342 quem
2003 4253 2094 4322 verls
2113 4254 2237 4323 officiis

537 4397 558 4436 ‚=
1247 4351 1359 4422 coluit
1374 4364 1408 4419 et
1423 4350 1523 4433 colit,
1549 4366 1665 4419 tamen
1682 4349 1858 4439 pericula,
1883 4375 1973 4442 quae
1990 4365 2073 4421 sunt
2089 4354 2136 4423 ob
2152 4336 2238 4426 ocu-

477 4416 683 4494 N¹⁶⁰l⁰⁰
708 4417 767 4493 M
766 4417 844 4493 ‘dl
850 4445 896 4492 ‘l
904 4445 925 4489 ⁰
1247 4455 1319 4538 los,
1345 4447 1436 4520 mihi
1453 4464 1486 4519 et
1503 4464 1633 4520 metum
1652 4464 1684 4519 et
1700 4474 1897 4520 moerorem
1914 4467 2053 4541 augent.

207 4534 252 4624 S·
277 4555 323 4630 D.
371 4553 446 4627 Etsi
463 4556 609 4624 memini
626 4555 713 4649 quid
729 4549 820 4624 mihi
836 4553 1058 4648 responderis
1074 4557 1119 4625 de
1134 4577 1199 4623 ne-
1351 4551 1392 4623 lu
1407 4551 1550 4644 Splenis
1566 4552 1728 4640 regione,
1755 4555 1849 4644 quod
1867 4553 2023 4637 mireris,
2046 4572 2238 4648 eruperunt

207 4659 304 4747 gotio
327 4652 593 4726 Brunsvicensi
616 4672 733 4727 tamen
760 4682 840 4726 curn
866 4681 980 4747 nuper
1005 4680 1128 4728 rursus
1153 4657 1197 4725 ad
1248 4656 1288 4726 in
1308 4668 1457 4748 utraque
1481 4667 1579 4746 parte
1605 4657 1784 4732 κενεῶνος
1809 4649 1899 4721 mihi
1927 4656 2107 4745 pustulae,
2148 4660 2238 4728 tanti

207 4786 264 4828 me
287 4761 456 4830 scriberet
473 4760 623 4830 Senatus
639 4757 929 4844 Brunsvicensis,
960 4759 1059 4828 volui
1080 4752 1198 4828 adhuc
1248 4771 1366 4828 motus
1381 4770 1462 4826 sunt
1477 4770 1572 4827 atrae
1586 4756 1688 4840 bilis,
1715 4777 1804 4846 quos
1820 4768 1957 4844 tantum
1975 4758 2079 4827 dolor
2095 4759 2174 4834 ciet.

208 4863 278 4933 tibi
305 4863 598 4931 deliberationem
626 4863 800 4950 integram
829 4861 1044 4953 relinquere.
1118 4859 1201 4931 Sta·
1350 4856 1399 4930 Et
1418 4854 1473 4926 his
1494 4857 1619 4926 diebus
1636 4851 1703 4926 hoc
1720 4856 1938 4926 incommodi
1955 4861 2115 4929 accessit:
2146 4885 2243 4930 nun-

208 4978 285 5035 tues
308 4987 409 5054 ergo,
442 4977 478 5032 et
499 4965 544 5031 ad
570 4961 879 5054 Senatumipsum
904 4959 1199 5031 Brunsvicensem
1250 4961 1439 5045 ciumante
1455 4962 1574 5027 decem
1590 4956 1664 5026 dies
1680 4959 1725 5027 ad
1740 4954 1924 5027 Sabinam
1942 4960 2041 5039 misi,
2061 4957 2243 5059 utnpoot'-

208 5067 340 5137 scribes
354 5062 380 5164 ¹)
402 5067 440 5133 in
461 5059 517 5133 his
538 5066 722 5138 nundinis.
775 5054 941 5154 optarim
963 5062 1201 5133 illiecclesiae
1249 5063 1377 5156 piade
1394 5056 1512 5129 schola
1529 5060 1560 5127 ei
1577 5059 1727 5128 afferret.
1784 5056 1818 5128 ls
1840 5062 2001 5130 nondum
2024 5063 2147 5149 rediit,
2178 5059 2245 5159 hac

208 5170 281 5238 imo
298 5182 332 5238 et
350 5193 431 5237 orae
449 5165 621 5236 Saxoniae
637 5167 703 5237 toti
721 5167 810 5234 bene
828 5165 1040 5239 consultum.
1099 5160 1200 5234 Olim
1250 5188 1349 5234 mora
1362 5163 1461 5231 valde
1474 5161 1623 5232 crucior.
1648 5159 1718 5230 Sed
1735 5160 1901 5252 suspicor,
1916 5162 1982 5231 etsi
1995 5166 2105 5234 multa
2119 5165 2244 5254 cogito,

208 5294 250 5339 ea
275 5270 374 5340 natio
402 5267 487 5337 vicit
516 5270 688 5362 reliquam
711 5264 943 5339 Germaniam
971 5266 1202 5336 multitudiue
1252 5269 1375 5338 advos
1390 5264 1535 5333 missum
1552 5286 1625 5332 esse
1644 5261 1690 5330 ab
1708 5261 1805 5353 ipso,
1836 5274 1879 5332 ut
1896 5264 2062 5336 ancillam
2081 5277 2244 5340 accersat.

212 5437 420 5454 m

244 5531 271 5597 l)
291 5524 444 5583 Zeebeiehs.
457 5526 603 5580 mendose:
621 5528 752 5580 seribere.
1289 5527 1318 5595 2)
1338 5524 1388 5580 Est
1399 5522 1473 5576 enim
1488 5528 1540 5575 etc.
1556 5510 1711 5576 zsetdetl.
1723 5519 1913 5592 praetermisit.

1444 5589 1527 5668 at·
