1496 1792
239 186 279 205 80⁹
527 186 744 207 EPISTOLARUM

241 233 287 249 tutes
298 237 339 249 eum
353 231 406 249 fidem
418 232 510 254 aboleant,
523 232 582 255 palam
589 232 693 253 adfirmant,
706 231 740 249 du-

240 257 336 275 hitandum
348 263 385 275 esse
396 258 418 275 de
430 257 535 275 remissione
547 261 670 281 peccatorum,
683 260 740 275 caete-

240 288 282 300 rum
291 282 364 300 retineri
376 283 439 301 iubent
449 282 533 301 historiae
546 283 640 305 noticiam,
653 283 711 307 qualis
722 286 740 300 et

241 308 260 325 in
268 308 344 325 diabolis
356 312 391 329 est,
403 315 449 332 quae
460 315 522 326 revera
529 312 579 332 auget
587 314 668 332 pavores.
693 308 739 326 Narn

240 334 272 357 qui
283 333 351 354 sciunt,
370 334 427 351 filium
442 334 472 352 dei
487 335 591 352 universum
604 340 660 357 genus
674 332 739 351 huma-

239 365 284 376 num
297 359 319 376 ad
331 359 411 377 tribunal
422 366 473 377 suum
483 361 611 382 producturum
620 366 657 377 esse
665 360 684 376 in
692 359 739 377 iudi-

239 385 298 405 cium,
311 390 344 402 nec
360 388 419 402 tamen
436 385 546 407 didicerunt,
567 386 679 403 statuendum
696 390 739 406 esse,

240 413 313 433 propter
330 410 388 432 ipsum
401 414 449 428 certo
463 411 517 434 recipi
531 412 633 432 eredentes,
650 409 669 428 hi
684 409 739 428 huius

239 436 295 459 ipsius
307 435 370 453 iudicii
381 439 429 454 metu
440 436 495 459 magis
507 443 518 454 a
530 437 564 454 deo
576 436 700 459 depelluntur3
719 439 739 453 ut

240 461 314 479 dicitur:
325 460 425 479 Daemones
433 462 518 483 credunt,
525 466 543 480 et
551 462 696 480 contremiscunt.
714 460 739 479 At

239 486 307 504 Paulus
323 487 390 510 inquit:
410 487 444 505 fide
461 487 550 505 iustificati
568 494 629 511 pacem
647 486 739 505 hahemus.

239 512 296 530 Aliud
309 512 364 535 igitur
374 513 418 530 fides
428 516 454 530 est
466 514 513 536 apud
523 513 609 535 Paulum,
622 519 667 537 quae
678 519 738 536 pacem

240 538 307 559 adfert,
319 537 352 555 hoc
362 541 398 558 est,
411 539 513 556 consolatur
521 543 538 557 et
546 539 598 561 erigit
606 539 739 562 perterrefactas

239 566 319 583 mentes,
335 564 371 581 irno
385 564 441 581 vitam
460 565 549 586 accendit,
562 568 582 582 ut
599 565 618 582 in
636 563 738 587 prophetica

240 595 284 606 voce
293 589 366 607 dicitur:
382 589 439 607 iustus
450 590 484 607 fide
496 596 527 608 sua
539 590 593 608 vivet.
620 589 645 607 Et
656 589 738 607 fiduciam

240 620 278 632 esse
292 615 378 637 gratuitae
395 615 537 637 misericordiae,
557 622 592 639 qua
604 615 738 639 perterrefactae

239 643 308 657 mentes
318 640 432 663 acquiescunt
443 640 462 658 iu
471 641 578 663 mediatore,
590 644 688 659 monstrato
696 646 739 658 voce

239 666 375 689 promissionis,
388 672 459 684 necesse
467 670 498 684 est.
524 666 578 689 Quod
585 673 625 684 curn
633 667 657 684 ita
665 666 697 687 sit,
710 666 739 683 in-

239 691 348 714 terpretatio,
361 698 414 715 quam
422 692 492 714 fingunt
499 692 605 713 adversarii,
618 692 661 709 salsa
669 695 686 709 et
693 690 743 714 pha-²

238 717 302 734 risaica
314 717 417 740 imaginatio
430 721 465 739 est,
478 718 545 741 sculpta
557 724 578 735 ex
589 718 627 740 lege
636 724 667 735 seu
679 716 739 740 philo-

240 741 314 765 sophia,
330 746 348 760 et
362 743 427 761 multos
439 749 507 760 errores
519 743 604 762 continet.
634 743 703 761 Scimus
717 743 739 760 de

239 768 290 785 coelo
298 767 344 785 hanc
351 774 412 786 vocem
420 768 486 786 editam
494 769 517 786 ab
526 772 598 786 aeterno
606 772 663 792 patre:
675 767 705 785 hic
712 771 739 785 est

238 793 287 811 filius
298 799 348 811 meus
356 794 441 815 dilectus,
458 793 506 812 hunc
517 794 584 812 audite.
614 794 675 812 Simus
685 793 739 816 igitur

238 819 330 837 auditores
341 819 374 836 filii
385 819 430 841 dei,
441 818 568 843 prophetarum
578 823 595 837 et
604 819 738 842 Apostolorum,

239 848 258 862 et
269 850 359 862 sumamus
371 851 392 862 ex
404 845 485 868 ipsorum
496 851 578 863 sermone
589 845 695 866 sententias,
707 844 738 868 qui

238 873 286 888 certe
295 870 372 893 intelligi
382 871 475 892 volebant,
489 874 505 889 et
514 877 583 894 semper
590 874 659 888 coetum
670 869 739 888 hahue-

238 899 283 913 runt
290 902 328 913 uon
336 896 448 914 aberrantem
455 897 478 914 ab
486 903 547 914 eorum
555 897 651 918 seutentia3
665 896 701 913 imo
707 896 739 919 qui

238 921 374 943 intellexerunt,
391 926 459 940 mentes
472 921 566 940 hominum
581 922 645 940 debere
661 922 739 939 inclusas

239 947 287 965 intra
299 948 374 965 verbum
387 948 425 969 dei,
438 948 463 965 ibi
476 948 500 965 ali
508 948 595 966 divinitus
605 947 695 970 agnitione
706 953 739 964 vo-

239 972 314 990 luntatis
329 973 369 994 dei,
386 973 431 991 sicut
443 973 500 991 foetus
516 974 535 991 in
548 973 588 991 alvo
600 973 661 991 matris
675 973 738 990 sedens

239 1004 278 1015 non
285 998 353 1021 rumpit
358 996 424 1021 χόριον
432 999 488 1016 donec
500 999 565 1017 iustum
576 1002 645 1022 tempus
656 998 739 1021 pariendi

240 1023 300 1044 venit,
313 1029 332 1040 ac
340 1024 407 1041 interea
415 1024 441 1041 ihi
450 1027 530 1042 materno
539 1024 583 1042 lacte
594 1027 611 1041 et
619 1024 677 1041 calore
689 1024 739 1041 fove-

239 1052 275 1066 tur.
297 1048 338 1066 Non
347 1049 430 1067 ludamus
437 1049 491 1067 variis
499 1049 675 1072 interpretationibus
683 1049 741 1072 iigen-⁴

239 1074 277 1095 dis,
290 1077 310 1092 ut
319 1074 385 1092 ludunt
392 1075 501 1097 grammatici
510 1075 590 1093 texendis
602 1074 692 1097 allegoriis
699 1073 739 1091 Ho-

238 1099 293 1121 meri3
313 1106 369 1117 unum
383 1104 409 1118 est
422 1101 470 1118 enim
484 1106 545 1118 verum
558 1100 632 1123 simplex
645 1103 662 1117 et
675 1105 738 1122 perpe-

239 1128 292 1143 tuum
303 1131 358 1147 genus
371 1126 463 1143 doctrinae
474 1125 578 1148 Evangelii,
591 1126 639 1149 quod
651 1126 695 1142 deus
703 1124 739 1142 Ec—

239 1150 302 1168 clesiae
307 1157 349 1169 suae
355 1151 430 1169 tradidit
436 1152 479 1169 inde
486 1157 542 1175 usque
549 1151 571 1169 ab
578 1151 630 1168 initio
638 1157 669 1173 per
675 1150 739 1171 filiurn,

239 1179 307 1199 patres,
319 1176 415 1199 prophetas
423 1180 440 1194 et
450 1177 554 1199 Apostolos,
567 1177 615 1200 quod
627 1176 695 1194 etiamsi
705 1176 739 1193 im-

240 1201 267 1225 pii
277 1208 348 1225 prorsus
357 1202 444 1220 abiiciunt
457 1206 474 1220 et
485 1202 544 1225 ignavi
552 1208 604 1225 saepe
610 1202 738 1221 contaminant,

240 1230 309 1248 tamen,
326 1233 349 1245 ne
362 1234 403 1245 vera
416 1228 506 1245 invocatio
517 1228 547 1245 dei
558 1228 577 1245 in
588 1227 639 1245 terris
652 1227 739 1248 deleatur,

239 1253 316 1270 subinde
330 1253 409 1270 mirabili
420 1254 449 1271 dei
464 1253 543 1271 bonitate
555 1254 647 1271 instaurat.
677 1252 698 1270 Id
711 1252 739 1269 in-

239 1281 337 1296 stauratum
349 1285 398 1297 nunc
410 1280 482 1303 quoque
493 1279 590 1300 discamus,
606 1278 739 1301 amplectamur,

239 1304 357 1326 retineamus,
371 1308 388 1322 et
400 1305 474 1328 posteris
485 1305 553 1322 sincere
560 1305 657 1322 tradamus.
682 1303 739 1326 Lega-

239 1335 280 1347 mus
292 1329 419 1353 prophetarum
435 1334 452 1348 et
463 1329 590 1353 Apostolorum
603 1330 677 1353 scripta,
693 1335 738 1352 quae

240 1354 289 1373 Deus
300 1361 338 1372 non
349 1356 414 1373 frustra
422 1356 472 1373 dedit
480 1354 560 1373 humano
568 1355 637 1378 generi,
650 1355 698 1378 quod
707 1354 738 1378 qui

239 1380 305 1398 facient
313 1381 343 1404 pio
349 1381 418 1403 studio,
431 1382 453 1399 iis
464 1381 553 1399 illucescet
564 1381 595 1398 lux
601 1380 705 1403 Evangelii,
719 1383 739 1397 ut

240 1405 326 1429 scripturn
334 1410 368 1424 est:
382 1406 431 1425 Deus
438 1410 473 1428 est,
484 1407 515 1430 qui
523 1406 585 1428 efficit,
598 1409 618 1424 ut
626 1406 685 1424 velitis
692 1409 709 1423 et
719 1409 739 1423 ut

213 1432 219 1438 ‘
239 1431 340 1454 perficiatis.
365 1431 411 1449 Curn
419 1438 491 1450 accensa
500 1436 526 1450 est
534 1432 553 1449 in
560 1432 614 1449 corde
621 1431 707 1452 scintilla,
718 1434 739 1449 ut

239 1462 281 1474 vere
289 1463 337 1474 ames
345 1457 446 1479 veritatem,
458 1458 526 1476 etiamsi
533 1461 550 1476 te
559 1457 578 1475 in
585 1456 697 1481 labyrinthos
704 1456 738 1474 ali-

239 1488 285 1506 quos
293 1482 377 1500 inducere
385 1483 428 1501 mali
437 1484 517 1501 doctores
525 1483 647 1505 conabuntur,
656 1486 679 1501 'ut
687 1488 738 1506 saepe

774 186 828 206 LIB.
845 185 877 205 IX.
905 185 972 205 1646.
1229 183 1266 203 810

768 231 805 252 fiet,
818 235 876 249 tamen
885 229 927 249 deus
936 231 1063 254 ῗῦὸῑιὲἔῖἆῖιίἑῐιι
1075 231 1092 248 ie
1102 228 1125 248 ad
1132 228 1190 248 sontes
1201 228 1266 253 guber-

766 257 825 276 nabit,
843 263 865 274 ne
876 257 951 275 aberres.
982 256 1020 274 Hac
1031 263 1062 279 spe
1075 257 1153 279 legamus
1166 256 1265 274 doctrinam

766 283 853 300 divinitus
863 283 955 304 traditam,
968 286 984 300 et
995 283 1081 300 addamus
1092 282 1173 299 ardentia
1182 285 1232 303 vota,
1244 285 1265 300 ut

766 308 810 325 deus
818 309 876 326 studia
885 312 944 326 nostra
955 311 1009 330 regat.

766 411 799 429 No.
807 411 863 429 32³6.

769 435 855 443 Ἢν

1116 412 1189 432 (in-unte
1197 411 1252 433 Aug.)

956 462 1074 484 Studiosis.

817 504 871 522 εει-ιρι-
878 504 916 525 ριιιι.
923 503 987 518 Wines.
996 503 1006 517 1.
1016 508 1030 522 ρ.
1039 498 1082 518 issu.

842 542 892 561 Phil.
905 542 1020 561 Melanthon
1034 542 1185 566 (Studiosis).

765 574 841 596 Paulus
848 578 870 595 ad
877 576 965 600 Ephesios
973 577 1043 598 scribit,
1050 577 1138 600 singulari
1146 583 1179 599 ope
1186 576 1220 594 Dei
1228 582 1265 594 ser—

765 604 804 621 vari
819 603 939 623 ministerium
954 603 1031 620 docendi
1042 601 1136 625 Evangelii
1151 602 1171 620 in
1180 602 1266 624 Ecclesia,

766 636 788 647 ne
802 630 842 647 luce
857 634 908 646 verae
922 628 1014 645 doctrinae
1028 628 1104 646 extincta
1121 628 1266 646 circumferamur

766 655 820 673 variis
832 654 890 672 ventis
901 653 1019 676 opinionum,
1031 657 1053 671 ut
1060 652 1133 671 Ethnici
1144 657 1161 671 et
1170 653 1201 671 alii
1209 653 1266 676 impii,

766 680 839 698 abiectis
851 679 902 697 libris
909 678 1021 702 Propheticis
1033 682 1050 696 et
1058 678 1175 701 Apostolicis,
1189 679 1265 697 subinde

765 712 812 724 nova
821 705 896 723 numina
906 708 923 722 et
931 710 987 722 novas
995 704 1129 728 superstitiones
1140 703 1224 722 horribili
1236 705 1265 722 fu-

766 738 806 750 rore
817 731 943 753 excogitarunt-
969 729 1017 748 Haec
1030 730 1049 747 in
1058 729 1137 748 Ecclesia
1146 736 1169 747 ne
1179 731 1266 752 accidant,

765 763 836 775 necesse
851 760 885 776 est,
901 761 966 777 unam,
983 759 1057 777 certam,
1070 755 1148 776 firmam,
1163 759 1266 778 perpetuam

765 783 841 801 formam
850 781 916 801 teneri,
930 781 997 799 scilieet
1004 779 1120 804 Propheticos
1129 784 1146 798 et
1153 779 1265 804 Apostolicos

765 809 831 829 libros,
843 808 863 825 in
871 807 936 831 quibus
944 806 993 824 Deus
1003 806 1085 829 patefecit
1092 806 1202 824 voluntatem
1209 812 1265 825 suam.

765 834 805 852 Hos
809 834 848 851 vult
852 833 887 856 legi
894 835 911 850 et
915 832 1006 854 cognosci:
1015 835 1038 853 et,
1046 835 1067 849 nt
1071 832 1130 849 nativa
1135 832 1220 850 sententia
1228 838 1266 849 non

766 862 900 882 corrumpatur,
913 858 990 875 subinde
1001 857 1065 875 excitat
1072 857 1176 880 interpretes
1184 858 1266 879 idoneos,

766 891 811 909 quos
823 885 862 902 vult
873 883 937 902 audiri.
963 882 1005 900 Non
1014 883 1062 900 enim
1071 883 1137 901 frustra
1144 883 1265 901 ministerium

766 911 842 929 docendi
857 909 941 927 instituit.
973 908 1013 926 Hoc
1030 909 1093 931 ingens
1108 909 1213 926 beneficium
1230 908 1265 926 Dei

765 942 891 959 agnoscamus,
911 938 929 952 et
943 934 1037 952 audiamus
1055 934 1134 951 sinceros
1151 935 1265 957 interpretes;

766 962 876 980 conferamus
887 961 940 978 etiam
948 960 1024 977 aliorum
1032 963 1133 982 temporum
1140 959 1235 981 Doctores,
1248 963 1265 978 et

766 993 795 1005 eos
802 987 932 1006 discernamus3
945 985 1046 1006 videamus,
1054 985 1085 1008 qui
1093 988 1160 1002 veteres
1167 988 1265 1007 congruant

765 1013 787 1030 ad
795 1018 876 1029 normam
884 1018 894 1028 a
902 1010 940 1028 Deo
949 1010 1030 1028 traditam
1039 1011 1058 1027 in
1067 1010 1175 1032 Evangelio,
1189 1010 1219 1033 qui
1227 1016 1265 1028 non

765 1041 870 1060 congruant.
895 1036 934 1054 Hac
942 1035 1038 1053 collatione
1046 1031 1132 1052 iudicium
1140 1038 1236 1056 exercetur,
1248 1038 1265 1053 et

765 1064 823 1081 bonae
832 1065 899 1080 mentes
907 1062 991 1079 iuvantur
999 1061 1046 1078 veris
1054 1060 1159 1078 testimoniis
1167 1060 1265 1084 antiquita-

765 1089 793 1107 tis.
819 1088 862 1106 Ideo
874 1093 922 1105 nunc
933 1085 1050 1104 Reverendus
1061 1086 1145 1103 dominus
1153 1085 1221 1104 Doctor
1230 1085 1264 1103 Io-

765 1113 838 1132 hannes
845 1110 983 1136 Bugcnltagflts
995 1111 1116 1131 Pernen-anus,
1132 1111 1195 1129 Pastor
1202 1111 1266 1129 Eccle-

765 1140 801 1158 siae
810 1143 880 1157 nostrae
892 1141 1006 1156 enarraturus
1016 1141 1042 1155 est
1053 1136 1120 1154 librum
1130 1136 1232 1160 Augustini
1243 1138 1265 1156 de

765 1165 834 1189 Spiritu
842 1168 858 1182 et
865 1164 934 1185 Litera,
941 1163 959 1180 in
967 1169 1002 1186 qua
1010 1162 1123 1180 enarratione
1131 1163 1221 1184 ostendet,
1228 1169 1264 1186 quo

765 1191 831 1208 iudicio
839 1187 973 1213 antiquitatis‘)
980 1188 1054 1211 legenda
1062 1188 1090 1206 sit.
1111 1187 1151 1205 Etsi
1160 1188 1208 1205 enim
1216 1194 1264 1205 sum-

765 1223 793 1234 ma
803 1216 841 1234 eius
848 1215 907 1238 operis
915 1213 1012 1236 Augustini
1023 1213 1052 1237 pia
1059 1216 1093 1234 est,
1106 1216 1165 1231 tamen
1173 1213 1263 1231 interdum

765 1242 804 1260 loca
816 1241 879 1259 mutila
891 1240 972 1263 indigent
984 1246 1027 1257 voce
1039 1239 1149 1262 interpretis,
1161 1239 1192 1263 qui
1204 1243 1263 1257 osteu-

765 1268 804 1289 dat,
820 1267 863 1291 quid
875 1266 990 1284 desideretur.
1019 1264 1072 1282 Libri
1086 1268 1143 1282 autern
1155 1265 1226 1282 venales
1235 1265 1263 1282 in-

764 1293 859 1311 venientur
870 1292 918 1315 apud
926 1289 1056 1315 typographum
1066 1288 1176 1314 Iosephum,
1189 1292 1264 1314 quos'ut

765 1318 845 1337 studiosi
857 1321 917 1335 emant
929 1320 945 1334 et
959 1317 1027 1339 legant,
1038 1316 1138 1333 invitentur
1146 1316 1205 1334 studio
1216 1316 1263 1333 anti-

765 1344 847 1368 quitatis,
863 1344 911 1367 quod
928 1342 1029 1365 ingeniosos
1045 1341 1127 1359 homines
1141 1342 1192 1358 valde
1207 1342 1263 1360 decet.

765 1370 790 1388 Ut
801 1373 858 1387 autem
871 1369 930 1392 plures
938 1368 1000 1385 audire
1011 1367 1089 1390 possint,
1100 1373 1132 1384 nee
1142 1367 1264 1389 impediantur

765 1395 840 1419 Physica
855 1394 984 1417 praelectione,
999 1392 1117 1411 Reverendus
1132 1392 1217 1410 dominus
1228 1392 1263 1410 Pa-

781 1469 797 1487 ε)
805 1468 874 1500 exicium
884 1467 936 1486 aliqum
942 1467 1003 1486 videtur,
1011 1469 1026 1481 m
1032 1466 1106 1483 meme,
1115 1467 1204 1483 ,mnata
1214 1467 1237 1482 ,αι
1244 1467 1264 1481 av-

800 1491 819 1500 a.
825 1491 838 1500 ι.
