4868 6420
197 327 269 401 201

198 495 393 570 Ecclesiam
407 494 703 588 Ratisponensem
717 491 919 581 hortamur,
950 509 990 566 ut
1004 492 1193 585 Evangelii

197 602 390 694 puritatem
405 600 556 669 retinere
573 601 728 682 studeat,
762 611 795 668 ct
811 601 993 668 ministros
1011 614 1105 668 recte
1128 601 1193 666 do-

200 715 319 772 centes
337 701 488 790 benigne
502 702 637 785 foveat,
668 716 709 771 ut
724 702 975 790 gratitudinem
992 726 1089 770 suam
1112 723 1190 788 erga

199 800 316 876 Deum
334 805 497 873 ostendat
515 827 579 892 pro
599 817 766 872 renovata
781 804 859 873 luce
874 800 1072 892 Evangelii.
1125 800 1192 870 Fe-

201 904 419 988 musenim,
453 905 492 972 in
516 905 639 972 iisdem
659 905 865 993 regionibus
880 904 1012 972 semina
1028 900 1193 991 Evange-

199 1007 242 1076 lii
263 1006 380 1076 statim
405 1019 484 1096 post
507 1001 684 1096 apostolos
709 1030 828 1098 sparsa
853 1028 925 1074 esse
947 1030 1010 1096 per
1030 999 1191 1076 Lucium

198 1100 448 1203 Cyrenaeum,
477 1107 539 1199 qui
562 1108 601 1174 in
623 1109 708 1177 actis
731 1109 972 1199 apostolorum
996 1107 1192 1176 celebratur

201 1235 276 1301 cap.
290 1207 395 1282 Xlll.
451 1206 559 1277 Hunc
583 1223 739 1279 secutum
764 1211 935 1278 exercitus
958 1233 1124 1279 romanos
1147 1210 1191 1278 ad

183 1309 408 1389 ‚Danubium
438 1312 650 1380 narrantia
676 1309 833 1400 Augusta
860 1310 1030 1379 Tiberina
1057 1306 1190 1379 Christi

200 1438 331 1482 nomen
350 1426 382 1482 et
399 1412 596 1481 doctrinam
615 1414 841 1502 praedicasse.
894 1411 985 1481 Tam
1009 1413 1077 1481 cito
1094 1410 1191 1481 Deus

200 1516 270 1585 sibi
287 1515 325 1582 in
340 1514 416 1583 istis
432 1514 573 1605 populis
586 1510 780 1582 Ecclesiam
797 1515 948 1603 collegit.
1001 1513 1190 1607 Gaudeant

199 1631 316 1687 autem
335 1639 430 1684 nunc
448 1640 589 1708 utroque
607 1616 673 1706 pii,
704 1639 825 1684 rursus
847 1640 1027 1684 accensam
1046 1639 1118 1684 esse
1134 1618 1191 1685 lu-

199 1743 274 1788 cem
288 1715 493 1805 Evangelii,
527 1741 673 1810 eamque
698 1719 790 1786 veris
814 1718 938 1786 officiis
960 1717 1113 1787 retinere
1130 1743 1191 1787 cu-

197 1833 297 1903 rent,
330 1833 370 1888 ut
386 1817 482 1887 Deus
509 1833 671 1888 aeternus
691 1832 791 1911 pater
815 1819 952 1888 domini
976 1820 1089 1888 nostri
1114 1817 1191 1887 lesu

183 1917 333 1991 'Christi
355 1945 436 1989 vere
457 1920 642 1990 invocetur
664 1935 698 1989 et
714 1922 921 1992 celebretur.
971 1919 1083 1989 Datae
1099 1919 1190 1989 Wi-

196 2025 385 2110 tenbergae
402 2023 460 2090 die
474 2017 623 2095 Octobr.
642 2019 717 2107 15„
744 2046 839 2091 auno
859 2020 1068 2094 MDXLlll.

943 2151 1139 2252 aisn

204 2368 637 2380 *μή-ι·-
641 2367 1177 2378 ——n-——n-——u--v———u

195 2494 422 2616 aenea·

260 2720 269 2745 s
359 2679 579 2763 Mcdlerus
609 2680 672 2763 od
701 2679 1034 2763 Melanthoaem.

264 2859 301 2912 Ex
323 2877 417 2929 apogr.
433 2859 462 2911 in
483 2860 544 2912 cod.
558 2860 621 2913 Bar.
636 2852 697 2915 vot.
714 2861 749 2917 ll.
772 2880 798 2931 p.
811 2859 871 2916 885.
892 2861 961 2916 edita
975 2863 1002 2915 in
1017 2862 1114 2916 Daunii
1128 2881 1188 2933 epp.

300 2928 367 2982 Mat.
381 2931 415 2982 ad
430 2928 545 2983 Medici.
566 2948 592 2999 p.
611 2931 639 2981 16
651 2950 694 3001 sq.
738 2969 743 2980 .

1049 2507 1104 2568 17.
1119 2500 1190 2616 Q.

192 3078 354 3156 Clariss.
388 3095 419 3154 ct
451 3083 707 3180 praestantiss.
742 3085 836 3168 cr'ro,
875 3082 1043 3156 Domino
1070 3083 1188 3156 Pti-

195 3186 330 3284 lippo
364 3184 419 3255 M
425 3180 692 3268 eleutherii,
741 3190 780 3255 in
823 3188 964 3282 inclyta
1003 3187 1187 3284 Vitcderg.

194 3285 397 3358 Academia
423 3287 634 3358 divinarum
663 3298 693 3359 et
717 3283 970 3359 histrianorum
995 3289 1186 3360 literarum

194 3384 425 3490 Professori,
464 3388 675 3460 doctissimo
705 3390 1006 3490 integerrimopue
1040 3390 1187 3462 donu'no

284 3493 440 3577 isaniori,
472 3502 503 3561 et
524 3492 752 3591 praecepturi
771 3521 839 3563 suo
863 3491 1098 3564 observando.

192 3607 237 3699 S.
255 3628 294 3702 P.
314 3628 359 3703 D.
384 3629 550 3699 Nollem
573 3654 675 3713 sane,
710 3654 765 3698 me
788 3655 861 3698 non
884 3632 1014 3701 sentire
1037 3656 1132 3700 nieas
1153 3649 1186 3703 et

191 3756 354 3800 meorum
369 3732 594 3816 calamitates,
610 3730 820 3823 Praeceptor
835 3733 940 3801 unice
957 3734 1185 3807 observande.

192 3830 313 3921 Quare
329 3835 380 3917 lit,
406 3847 445 3903 ut
463 3833 600 3926 quoties
616 3834 736 3902 uxoris
753 3857 849 3902 meac
866 3835 1086 3903 fidelissimae
1106 3859 1184 3924 erga

191 3959 249 4004 me
267 3929 483 4004 sanctissima
501 3935 633 4018 officia,
657 3935 787 4027 quibus
802 3937 908 4003 modo
924 3937 1081 4026 privatus
1096 3962 1185 4021 sum,

192 4049 229 4107 et
251 4038 390 4129 qrroties
413 4038 545 4106 liberos
568 4060 683 4121 meos,
716 4058 804 4128 quos
829 4036 867 4104 in
884 4061 1018 4107 summa
1037 4063 1185 4107 coneor-

192 4138 252 4209 dia
277 4154 312 4209 et
332 4139 410 4230 pari
431 4138 615 4227 diligentia
639 4137 678 4207 in
699 4133 890 4208 christiana
912 4139 1041 4231 pietate
1057 4143 1185 4209 educa-

191 4241 310 4309 vimus
333 4236 450 4309 adhuc
473 4258 546 4309 esse
570 4241 722 4308 infantes
740 4241 872 4328 cogito,
905 4241 944 4308 in
960 4242 1183 4329 gravissimos

189 4343 332 4411 dolores
355 4341 485 4412 incido.
530 4338 573 4408 'E
596 4356 718 4410 contra
741 4365 845 4422 vero,
888 4344 1031 4432 quando
1057 4344 1183 4430 cogito,

190 4444 262 4512 iam
286 4446 397 4534 ipsam
421 4468 535 4511 meam
552 4467 732 4512 uxorema
750 4442 931 4511 laboribus
945 4442 1103 4536 reqriiem
1121 4439 1183 4511 ha-

189 4546 287 4628 bere,
302 4559 336 4614 et
349 4570 425 4614 eam
442 4547 478 4612 in
495 4539 760 4626 sinuAbrahae,
779 4544 840 4631 i.e.
854 4545 890 4611 in
905 4558 1007 4612 coetu
1021 4546 1180 4613 omnium

190 4648 427 4729 credentium,
468 4647 506 4715 in
533 4671 601 4738 qua
626 4670 686 4737 spe
709 4669 772 4736 per
794 4645 967 4734 egregiam
991 4647 1181 4714 consessio-

189 4773 271 4817 nem
291 4764 324 4819 et
339 4763 479 4825 mortua
498 4761 567 4830 est,
595 4772 713 4817 coram
738 4760 834 4836 patre
856 4746 995 4815 coelesti
1018 4748 1055 4815 in
1079 4773 1180 4838 prae-

190 4852 321 4934 seutia,
353 4864 388 4921 et
411 4850 579 4919 beneficio
602 4850 668 4918 filii
691 4851 765 4932 sui,
796 4845 840 4919 D.
863 4873 897 4919 n.
922 4847 947 4920 l.
969 4845 1073 4930 Chr..
1100 4876 1178 4919 cum

190 4954 355 5022 omuibus
377 4953 506 5021 sanctis
527 4953 686 5042 patribus
708 4963 740 5018 et
762 4950 955 5018 maioribus
979 4952 1107 5041 nostris
1127 4952 1180 5019 vi-

190 5078 289 5136 vere,
323 5055 524 5122 conversari
546 5068 579 5121 et
602 5055 737 5149 agendo
755 5049 829 5120 Deo
850 5052 1080 5141 sempiternas
1101 5077 1180 5143 gra-

190 5155 255 5225 tias
271 5159 442 5246 gaudere,
474 5156 657 5225 mirificam
676 5155 803 5226 iterum
822 5154 1098 5224 consolationem
1121 5181 1178 5226 ac-

221 5510 248 5580 2)
265 5509 338 5565 ilaec
352 5506 501 5561 nonhabet
515 5505 576 5562 cod.
589 5503 635 5561 scd
649 5500 751 5558 addidit
764 5498 874 5556 Sclr'dts.

774 321 1211 398 nrtsrooanum
1267 323 1375 400 nlo.
1414 324 1477 402 ur.
1529 309 1696 401 1543.

2162 325 2239 400 202

1247 494 1351 587 cipio,
1375 521 1517 589 sperans
1533 522 1588 566 me
1604 499 1776 568 incudem
1792 495 1927 569 Christi
1943 497 2143 588 cognitione
2156 496 2236 566 iux-

1246 609 1281 666 ta
1302 599 1432 667 bonam
1448 597 1756 690 Dei,voluntatem
1774 602 1884 691 ipsam
1903 615 2115 672 secuturum.
2146 597 2237 686 ,Hu-

1246 699 1301 767 ius
1323 700 1374 767 rei
1399 725 1479 768 cum
1501 722 1558 769 me
1575 715 1655 772 tuae
1672 705 1991 793 praestantissimae
2007 703 2128 770 literae
2147 701 2236 767 iide-
2257 722 2262 730 ’

1245 801 1328 869 liter
1342 803 1610 890 admonuerim,
1643 829 1726 873 sane
1747 800 1837 871 mihi
1852 805 2068 896 gratissimae
2086 816 2120 872 ct
2136 815 2235 894 opta-

1245 902 1400 972 tissimae
1425 905 1588 990 fuerunt,
1629 920 1663 975 et
1687 909 1890 998 praesertim
1918 908 2015 989 ideo,
2057 906 2151 997 quod
2180 904 2235 969 vi-

1246 1007 1346 1073 deam
1364 1003 1424 1096 Sp.
1442 1006 1563 1078 Sancti
1587 1009 1827 1078 testimonium
1853 1009 1890 1075 in
1915 1008 2081 1076 cordibus
2105 1005 2235 1073 nostris

1245 1106 1292 1175 ita
1311 1109 1542 1192 concordare,
1575 1124 1679 1203 atque
1702 1126 1773 1181 tam
1797 1126 1928 1179 certum
1952 1126 1984 1179 et
2007 1109 2126 1178 efficax
2151 1128 2234 1178 esse.

1244 1206 1335 1276 Nam
1361 1221 1394 1277 et
1418 1233 1481 1298 ego
1506 1212 1676 1302 postridie
1699 1226 1779 1302 post
1800 1212 1919 1280 uxoris
1936 1212 2082 1279 dilectae
2097 1208 2235 1277 obitum

1244 1309 1504 1397 felicissimum,
1531 1314 1569 1381 in
1586 1314 1621 1381 id
1638 1337 1720 1382 casu
1736 1314 1773 1381 in
1790 1314 1958 1382 concione
1975 1313 2104 1390 incidi,
2129 1333 2234 1401 qrram

1244 1412 1371 1479 ordine
1392 1415 1604 1484 concionum
1627 1439 1784 1503 mearum
1807 1404 2028 1506 postulante,
2061 1437 2101 1480 ex
2124 1411 2235 1479 versi-

1244 1513 1324 1582 culo
1342 1514 1408 1584 isto
1425 1513 1556 1584 Psalmi
1572 1516 1648 1586 37.:
1676 1510 1864 1611 Quoniam.
1882 1515 1956 1611 ipse
1973 1511 2090 1595 dixit,
2117 1520 2148 1580 et
2158 1511 2232 1610 sa-

1244 1623 1301 1682 cla
1317 1617 1423 1701 sunl,
1451 1626 1482 1684 et
1499 1613 1712 1699 mandavit,
1739 1627 1770 1687 et
1789 1627 1910 1687 creata
1926 1616 2131 1696 sunt,'feci.
2165 1613 2234 1682 Hic

1243 1729 1338 1785 totus
1355 1720 1528 1809 populus,
1553 1746 1598 1789 ne
1615 1721 1779 1811 pluribus
1795 1738 1892 1804 utar,
1917 1719 2106 1800 intellexit,
2139 1717 2233 1808 quod

1243 1813 1439 1910 mihiipsi,
1474 1824 1547 1890 non
1569 1824 1709 1902 minus,
1741 1849 1847 1915 quam
1871 1823 1955 1913 ipsis
1979 1817 2070 1889 hanc
2092 1817 2235 1887 concio-

1244 1944 1325 1988 nem
1341 1921 1493 1995 fecerim.
1545 1924 1718 1995 Similiter
1741 1926 1843 1995 etiam
1866 1924 2024 2015 proxima
2047 1922 2103 1988 die
2119 1919 2235 1988 domi-

1244 2022 1321 2090 nica
1346 2025 1461 2114 elapsa
1479 2050 1520 2099 cx
1534 2024 1730 2115 Evangelio
1748 2031 1790 2095 de
1805 2025 1943 2115 Regulo
1960 2023 2132 2112 egregiam
2149 2045 2234 2090 cou-

1244 2124 1451 2194 solationem
1480 2130 1614 2216 accepi,
1655 2131 1749 2220 quod
1778 2130 1915 2196 videam
1949 2122 2016 2194 hoc
2049 2123 2233 2214 proprium

1244 2249 1315 2295 esse
1332 2224 1465 2298 Christi
1483 2230 1546 2298 filii
1565 2227 1631 2298 Dei
1647 2230 1821 2313 officium,
1855 2243 1895 2298 ut
1918 2228 2022 2296 nobis
2039 2224 2234 2294 laboranti·
2310 2270 2314 2275 -

1243 2329 1309 2397 bus
1324 2341 1359 2398 et
1371 2332 1606 2400 morientibus
1619 2333 1771 2401 salvator
1787 2331 1983 2400 subveniat.
2036 2326 2157 2415 Quare
2172 2349 2234 2415 ego

1244 2444 1278 2499 et
1297 2427 1442 2518 probae
1459 2435 1638 2515 doctrina,
1666 2458 1772 2525 wem
1791 2458 1809 2501 a
1827 2448 1876 2515 te,
1909 2429 2111 2501 charissime
2127 2427 2234 2495 Prae-

1243 2545 1380 2622 ceptor,
1421 2535 1546 2619 didici,
1587 2550 1710 2625 et-pro
1734 2538 1801 2605 isto
1826 2550 1886 2604 tuo
1911 2531 2082 2620 singulari
2108 2529 2235 2612 officio,

1243 2658 1313 2725 quo
1336 2637 1442 2704 modo
1466 2650 1536 2705 tam
1558 2639 1692 2726 egregie
1718 2662 1758 2706 ex
1784 2637 1869 2728 ipsis
1890 2636 2050 2704 fontibus
2073 2631 2234 2700 consola-

1242 2738 1380 2807 tionum
1403 2762 1459 2806 me
1482 2741 1682 2807 consolatus
1707 2741 1770 2822 sis,
1809 2764 1848 2806 ac
1876 2763 1940 2826 pro
1964 2735 2131 2835 omnibus
2156 2731 2234 2800 aliis

1243 2852 1277 2907 et
1298 2838 1448 2922 sedulis,
1487 2854 1561 2908 tum
1585 2841 1623 2908 in
1646 2864 1719 2925 me,
1758 2854 1833 2909 tum
1857 2841 1892 2907 in
1919 2840 2030 2907 lilium
2055 2835 2234 2904 collocatis

1242 2939 1311 3009 tuis
1329 2939 1526 3024 beneficiis,
1559 2942 1625 3012 tibi
1645 2943 1815 3010 maximas
1828 2942 1955 3030 gratias
1971 2963 2051 3028 ago,
2087 2953 2120 3005 et
2143 2960 2234 3004 sem-

1241 3066 1304 3132 per
1318 3064 1434 3128 agam,
1469 3058 1503 3113 et
1518 3045 1626 3112 orabo
1646 3044 1906 3126 indesinenter,
1937 3055 1977 3109 ut
1993 3037 2078 3109 haec
2096 3055 2154 3108 tua
2171 3039 2234 3106 be-

1242 3144 1364 3211 neficia
1389 3145 1470 3228 tibi,
1515 3147 1653 3236 tuisque
1678 3147 1839 3214 omnium
1871 3157 1990 3213 noster
2020 3140 2233 3229 benignissi-

1241 3269 1319 3313 mus
1347 3243 1451 3314 Pater
1480 3250 1672 3337 rependere
1704 3250 1880 3335 dignetur.
1940 3244 2086 3313 lnterim
2115 3257 2231 3311 tamen

1240 3361 1429 3415 metatum
1455 3361 1534 3416 tuae
1560 3351 1790 3440 praestantiae
1815 3351 1926 3430 dedo,
1962 3347 1992 3413 si
2012 3345 2097 3437 quid
2122 3346 2158 3411 in
2175 3369 2232 3411 me

1241 3452 1346 3517 modo
1363 3463 1434 3532 est,
1467 3451 1598 3542 inquo
1620 3452 1687 3521 tibi
1710 3451 1862 3519 vicissim
1880 3435 2073 3538 ‘gratificari
2097 3458 2232 3535 potero.

1238 3549 1350 3619 Porro
1365 3551 1452 3620 sciat
1467 3577 1608 3644 quoque
1624 3551 1668 3624 T.
1682 3550 1741 3634 P.‚
1775 3577 1831 3619 me
1855 3553 1892 3618 in
1915 3553 2010 3618 luctu
2026 3545 2157 3616 habere
2174 3573 2232 3616 so-

1239 3652 1331 3719 cium
1358 3657 1596 3720 venerandum
1628 3676 1745 3720 senem
1778 3666 1812 3720 et
1840 3653 1958 3719 virum
1989 3649 2230 3718 doctissimum

1239 3767 1377 3820 nostrae
1394 3748 1534 3825 scholae
1552 3767 1821 3837 oruamentum,
1845 3751 1890 3825 D.
1911 3750 1963 3822 M.
1978 3742 2142 3834 Petrum,
2169 3774 2231 3817 cu-

1238 3854 1293 3922 ius
1310 3877 1400 3922 uxor
1415 3868 1449 3922 et
1465 3855 1540 3944 ipsa
1555 3857 1678 3947 quinta
1697 3857 1755 3925 die
1780 3869 1858 3945 post
1882 3878 1994 3922 meam
2020 3852 2058 3919 in
2081 3850 2229 3920 domino

1237 3955 1455 4025 obdormivit
1469 3957 1717 4047 placidissime,
1740 3958 1837 4026 etita
1852 3957 2004 4024 invicem
2019 3955 2128 4022 modo
2144 3976 2229 4022 con-

1237 4057 1391 4125 dolendo
1406 4082 1470 4126 nos
1486 4060 1723 4132 consolamur.
1760 4057 1830 4127 'De
1848 4060 1920 4127 lilio
1944 4056 2091 4125 omnino
2113 4055 2229 4123 incer·

1235 4173 1292 4228 tus
1306 4182 1405 4244 sum,
1430 4160 1518 4252 quid
1534 4161 1677 4245 faciam;
1700 4163 1780 4229 ideo
1799 4185 1880 4229 eum
1897 4174 2009 4229 totum
2025 4171 2106 4227 tuae
2128 4178 2229 4247 prae-

1235 4260 1384 4330 stantiae
1399 4262 1592 4334 committo.
1644 4260 1734 4330 Nam
1751 4256 1841 4330 mihi
1855 4264 1898 4329 de
1913 4260 2072 4349 contagio
2090 4258 2127 4326 in
2143 4257 2229 4325 meis

1235 4362 1381 4430 aedibus
1396 4363 1594 4431 timendum
1618 4363 1703 4447 erit,
1731 4365 1868 4434 tametsi
1889 4364 2029 4431 nullum
2051 4360 2157 4453 pestis
2180 4358 2228 4426 si-

1234 4485 1343 4549 gnum
1374 4464 1410 4530 in
1428 4466 1548 4533 'rixare
1575 4460 1839 4556 deprehendere
1868 4465 2066 4554 potuimus,
2108 4476 2227 4531 tamen

1234 4564 1410 4632 occultum
1434 4562 1578 4659 aliquod
1604 4591 1780 4636 venenum
1802 4568 1910 4636 luisse
1935 4565 2154 4653 suspicamur
2172 4587 2227 4644 eo,

1234 4667 1329 4758 quod
1348 4691 1421 4737 non
1437 4669 1529 4737 ultra
1546 4670 1726 4738 octiduum
1745 4670 1898 4740 decubit.
1951 4660 2113 4735 Christus
2129 4663 2169 4738 P.
2181 4662 2226 4737 Τ.

1232 4764 1409 4836 Ecclesiae
1436 4794 1517 4839 suae
1543 4786 1576 4840 et
1598 4771 1701 4839 nobis
1724 4773 1889 4840 omnibus
1912 4770 1975 4836 diu
2003 4766 2224 4858 superstitem

1233 4883 1268 4938 et
1290 4870 1501 4940 incolumem
1526 4884 1725 4955 conservet,
1752 4869 1879 4941 Arnen.
1930 4867 2080 4955 Orate,
2103 4869 2225 4937 obser-

1234 4972 1445 5039 vandissime
1462 4971 1566 5045 Dum.
1584 4973 1808 5065 Praeceptor,
1844 4987 1882 5042 ut
1898 4972 2058 5042 barbaris
2075 4971 2162 5040 meis
2181 4970 2224 5038 li-

1233 5074 1315 5141 teris
1338 5089 1370 5142 et
1393 5077 1578 5144 temeritati
1597 5100 1693 5144 meae
1709 5077 1783 5143 sive
1801 5077 2041 5167 impudentiae
2056 5075 2223 5163 ignoscat.

1230 5172 1326 5242 Bene
1349 5176 1459 5242 valeat
1475 5176 1519 5249 T.
1533 5176 1574 5250 P.
1619 5176 1731 5246 Datac
1754 5175 1953 5266 Numburgi
1980 5177 2038 5250 17.
2053 5173 2223 5246 Octobris

1231 5301 1325 5345 antro
1349 5273 1458 5349 1545.

1433 5377 1477 5452 Τ.
1493 5378 1532 5453 Ρ.
1549 5380 1698 5450 omnino
1712 5381 1853 5453 deditus
1868 5380 2063 5472 discipulus

1860 5482 2029 5554 Nicolaus
2044 5478 2195 5552 Medler.
2247 5475 2256 5494 ⁸
