4868 6420
875 344 1316 466 sersaonanun
1366 345 1565 429 neuun.
1618 351 1750 430 sscs.

399 515 660 589 Witehergensium
678 524 775 589 typum
792 517 1017 591 emendatorum,
1039 523 1236 596 rogarentque
1257 521 1287 565 ut

401 589 632 658 Witcbergenses
652 607 728 640 suam
748 589 781 639 de
799 605 829 639 ea
849 588 1011 640 sententiam
1028 587 1185 638 scraberent.
1230 581 1288 634 Re·

399 676 499 777 aqu
515 656 649 776 Liiiiii.
662 653 828 777 qgenqei
843 651 1289 775 ‘tditlt'ltttiltttt‘itit

399 727 455 846 iiii
467 743 593 844 ‘cridbnst
612 747 665 846 etei
680 761 721 832 -·
745 741 852 843 'iterpuprh
867 790 952 844 editae
966 800 1028 843 sunt
1042 788 1171 857 epistolae
1183 786 1287 839 wise-

400 862 591 930 bergensium,
615 879 645 911 ex
664 859 831 928 autographo
843 859 876 925 (l)
897 868 926 909 ut
943 858 1032 910 editor
1047 856 1177 924 alin-met,
1192 855 1220 906 in
1237 855 1288 907 deu

400 927 607 998 Unschuldigen
619 927 818 989 Nachrichtcn,
836 945 898 978 arses
909 927 983 980 1718.
999 945 1025 996 p.
1035 925 1100 979 1137
1109 943 1148 994 sq.
1160 951 1192 965 -
1218 921 1289 975 Cae·

397 1006 488 1050 terum
504 998 625 1048 monitus
638 999 672 1049 sit
687 998 772 1048 lector
785 993 923 1047 Cibinium
937 1013 993 1048 esse
1009 994 1140 1066 oppidum
1153 993 1288 1046 llermsn·

399 1064 487 1132 stadt,
504 1074 531 1118 et
542 1062 699 1135 Coronam,
718 1062 867 1117 Kronstadt
881 1063 912 1117 irs
926 1061 1134 1134 Transylvenia.

299 1217 523 1295 Venerabili
549 1214 647 1292 Viro
673 1228 704 1289 et
731 1217 879 1313 egregia
905 1215 1073 1289 doctrina
1101 1227 1133 1287 et
1156 1217 1289 1315 pictate

2229 357 2329 451 ⁸172

1337 521 1452 591 nostri
1474 518 1554 592 lesu
1578 518 1732 609 Christi,
1770 525 2009 618 ut.reliquias
2039 548 2122 597 suae
2149 521 2330 599 Ecclesiae

1338 636 1470 707 servet,
1500 648 1566 693 nec
1588 625 1680 712 sinat
1696 625 1734 694 in
1748 622 1945 697 Pannoniis
1959 644 1993 700 et
2008 626 2202 697 Germania
2218 632 2330 700 deleri
2378 631 2387 637 ’

1337 748 1470 795 nomen
1484 722 1619 795 Christi
1628 720 1669 818 9).
1719 725 1830 817 Spero
1849 730 1954 797 etiam
1971 730 2127 798 illuxisse
2148 731 2328 800 flammam

1338 822 1533 913 Evangelii,
1558 840 1598 896 ut
1611 827 1764 919 aliquam
1776 825 1817 924 ¹⁰)
1833 830 1884 920 pii
1899 830 1936 897 in
1953 832 2059 900 tantis
2073 831 2225 901 miseriis
2242 858 2331 902 con·

1338 928 1547 996 solationem
1563 922 1731 1009 habeant,
1767 942 1802 999 ct
1824 944 1864 1001 ut
1887 932 2000 1021 prosit
2022 955 2144 1000 corum
2166 934 2330 1005 doctrina

1339 1029 1383 1097 ad
1406 1028 1588 1117 religionis
1609 1052 1711 1097 verae
1735 1032 2038 1102 conservationem
2063 1032 2101 1100 in
2127 1027 2190 1102 hac
2213 1049 2330 1106 vasta·

1338 1129 1454 1213 tione,
1483 1131 1596 1199 donec
1618 1131 1704 1200 deus
1719 1155 1760 1199 ex
1773 1126 1829 1200 his
1843 1134 2048 1222 regionibus
2064 1134 2193 1203 iterum
2209 1137 2329 1229 expel-

1337 1231 1386 1301 let
1400 1229 1547 1305 Turcas.
1597 1229 1678 1301 Non
1701 1232 1796 1300 enim
1818 1233 1882 1303 diu
1905 1236 2157 1321 grassabuntur
2178 1236 2217 1304 in
2230 1235 2328 1307 Pan·

295 1318 483 1420 praedito,
514 1317 682 1390 Domino
704 1317 762 1391 M
765 1317 954 1394 aethiae
977 1314 1236 1389 Ramaschl'
1251 1320 1290 1415 ¹),
1338 1331 1472 1401 nonina
1495 1345 1529 1401 et
1545 1329 1849 1424 reliquaEuropa.
1899 1332 1997 1404 Bene
2021 1349 2055 1405 et
2076 1337 2226 1408 feliciter
2248 1339 2328 1410 vale

349 1419 503 1494 Pastori
517 1419 705 1491 Ecclesiae
722 1416 954 1503 Cr'birscasr's,
980 1415 1238 1517 Philippus
1303 1433 1308 1440 “

656 1598 659 1603 ,
703 1518 879 1594 Melan.

293 1643 343 1735 S·
369 1659 414 1731 D.
469 1658 670 1752 Praecipua
684 1659 878 1730 consolatio
902 1658 1014 1728 estin
1035 1657 1172 1749 magnis
1195 1658 1288 1727 cala·

295 1763 477 1834 mitatibus
495 1776 660 1854 tanquam
679 1774 821 1853 portum
837 1760 1036 1852 prospicere
1045 1756 1093 1851 ²),
1124 1760 1288 1829 videlicet

295 1865 514 1953 intelligere,
543 1860 619 1931 Deo
641 1885 707 1931 nos
725 1887 828 1933 curae
843 1886 915 1931 esse
930 1875 963 1931 et
977 1874 1069 1930 recte
1087 1885 1167 1932 eum
1183 1861 1287 1931 invo-

281 1971 386 2038 care.
438 1962 514 2032 Hac
537 1964 778 2032 consolatione
800 1987 866 2031 nos
890 1963 958 2031 iam
982 1962 1019 2030 in
1046 1958 1101 2031 his
1125 1960 1286 2031 Turcicis

292 2065 553 2137 vastationibus
571 2077 605 2132 et
620 2064 699 2132 aliis
713 2063 892 2134 aerumnis
905 2075 1141 2133 sustentamus
1149 2059 1190 2153 ³).
1216 2058 1287 2131 Ar-

296 2170 356 2237 det
385 2165 480 2235 orbis
510 2177 685 2234 terrarum
716 2165 898 2234 communi
928 2165 1110 2246 incendio,
1149 2163 1187 2231 in
1216 2188 1285 2255 quo

295 2266 392 2338 Deus
414 2291 488 2334 non
509 2280 626 2336 tamen
636 2264 666 2358 ⁴)
682 2266 768 2335 sinit
783 2267 925 2357 penitus
940 2265 1050 2334 deleri
1064 2261 1237 2342 Ecclesias
1248 2261 1287 2359 ⁵),

295 2382 330 2439 ct
346 2367 525 2458 mitigabit
541 2367 632 2434 mala
649 2367 811 2458 publica,
843 2367 968 2436 sicum
983 2388 1106 2436 rursus
1122 2365 1286 2436 invocare

295 2471 470 2540 discemus
487 2481 520 2536 et
534 2468 629 2535 idola
645 2468 862 2539 abiiciamus.

396 2565 450 2638 De
467 2568 594 2638 ritibus
610 2563 788 2638 Ecclesiae
811 2580 953 2637 nostrae
974 2567 1093 2637 audite
1114 2588 1192 2653 eos,
1224 2565 1285 2660 qui

294 2671 376 2741 illos
390 2670 572 2738 viderunt:
600 2670 711 2758 magis
726 2669 821 2737 enim
836 2670 1016 2760 perspicue
1030 2669 1168 2738 narrari
1182 2693 1286 2760 quam

296 2771 447 2843 describi
473 2782 629 2861 possunt.
688 2769 879 2861 Praecipua
902 2783 1018 2839 autem
1044 2771 1090 2839 sit
1112 2794 1214 2855 cura,
1247 2782 1287 2839 ut

295 2873 428 2964 populo
459 2874 620 2942 tradatur
645 2872 805 2940 doctriua
828 2871 1032 2960 incorrupta
1056 2884 1090 2940 et
1113 2871 1286 2940 salutaris.

294 2971 344 3045 Et
363 2974 506 3066 quidem
528 2972 679 3062 pueritia
699 2973 744 3040 ad
768 2967 1003 3067 catechesin⁶)
1027 2973 1285 3040 assuefacienda

203 3075 207 3081 ’
296 3087 358 3144 cst.
411 3070 566 3142 Maiores
588 3086 693 3152 natu,
729 3073 792 3164 qui
812 3072 1117 3142 admonitionibus
1139 3073 1284 3163 privatis

296 3173 477 3263 indigent,
511 3170 611 3269 (sunt
632 3173 727 3242 enim
750 3175 855 3244 multi
877 3174 1016 3266 mdes),
1042 3174 1286 3243 examinentur

295 3279 339 3346 de
354 3276 513 3345 doctrina
529 3286 562 3343 et
576 3275 785 3345 erudiantur
798 3274 837 3342 in
853 3274 916 3342 illo
934 3273 1112 3366 colloquio
1134 3274 1284 3364 privato,

295 3378 392 3470 quod
411 3375 666 3461 consessionem
685 3387 823 3447 vocant.
874 3373 1024 3467 Utrique
1039 3398 1142 3458 vero,
1168 3375 1285 3445 senio-

295 3501 352 3546 res
375 3490 408 3546 ct
432 3476 607 3558 iuniores,
639 3475 756 3567 planis
783 3488 818 3544 et
841 3475 1033 3567 perspicuis
1056 3476 1285 3544 concionibus

182 3599 185 3611 ¹
296 3582 339 3648 de
361 3601 497 3647 summa
519 3578 700 3646 doctrinae
722 3571 933 3645 christianae
951 3574 1197 3672 doceantur⁷),
1222 3577 1284 3644 ubi

294 3680 488 3772 prudenter
509 3678 690 3765 eligendae
710 3691 793 3747 sunt
815 3677 998 3762 materiae,
1031 3700 1120 3769 quae
1136 3690 1286 3768 prosunt

295 3779 420 3871 populi
438 3778 635 3861 mentibus,
668 3792 709 3848 ut
731 3779 801 3847 loci
825 3781 868 3847 de
889 3778 1123 3868 poenitentia,
1148 3780 1191 3848 de
1205 3777 1286 3862 fide,

256 3929 258 3932 >
295 3883 340 3949 de
357 3879 591 3958 invocatione,
619 3880 662 3946 de
679 3901 791 3963 cruce,
814 3879 858 3946 de
873 3879 1039 3969 operibus
1054 3902 1073 3947 a
1089 3875 1166 3948 Deo
1185 3903 1285 3968 prae-

297 3981 425 4072 ceptis,
456 3983 498 4048 de
515 3979 724 4048 discrimine
736 4003 837 4048 verae
855 3979 993 4068 pietatis
1013 3992 1047 4048 et
1065 3980 1285 4070 superstitio-

295 4107 395 4155 num.
447 4078 633 4171 Copiosius
656 4080 811 4150 arbitror
832 4081 897 4149 tibi
913 4078 1094 4150 Pastorem
1109 4077 1286 4150 Ecclesiae

296 4198 437 4253 nostrae
466 4183 698 4272 respondisse.
764 4175 860 4250 Mihi
892 4193 925 4250 et
947 4179 1162 4250 Coronensis
1188 4181 1286 4249 ordi-

295 4285 393 4354 natio
404 4277 433 4378 ⁸)
465 4285 594 4376 placet,
635 4296 668 4352 et
695 4306 759 4353 oro
789 4297 971 4352 aeternum
993 4293 1129 4374 patrem
1150 4282 1286 4352 domini

332 4631 359 4697 1)
377 4625 508 4682 Lutberus
523 4629 550 4683 in
566 4648 615 4683 suo
629 4648 776 4700 responsor
795 4631 960 4685 Remoselsr‘.
990 4628 1095 4684 Unscb.
1109 4626 1208 4684 Nachr.
1221 4629 1285 4682 Ra·

364 4700 480 4751 musclss'.
517 4695 617 4751 Verum
639 4717 740 4752 nonren
760 4717 790 4752 ex
810 4698 976 4771 autographo
999 4695 1286 4765 (intestabilem.

366 4765 452 4833 1541.)
468 4777 507 4820 est
520 4767 671 4836 Romnssy.

329 4850 358 4916 Ξ)
378 4847 481 4903 Unscb.
493 4848 591 4903 Nechr.
605 4852 752 4915 respicere.

269 4924 278 4936 ⁸
329 4931 357 5003 8)
375 4942 569 5012 sustentemus
583 4931 671 5015 edidi,
698 4932 771 5004 quod
793 4933 845 4987 hoc
865 4934 950 4988 verbo
969 4932 1060 4989 inhae
1071 4931 1158 5006 phrasi
1172 4931 1284 4986 Melan·

363 4999 1283 5142 btttttztlttt'ttaitttilt‘tttttttaltth·

330 5150 358 5216 4)
377 5148 484 5205 Unscb.
498 5149 595 5205 Nscbr.
609 5159 706 5205 tamen
720 5169 786 5206 non.

330 5235 358 5291 5>
380 5232 481 5287 Ussscb.
495 5230 594 5287 Nachr.
608 5237 760 5290 ecelesiam.

328 5315 356 5383 6)
377 5315 481 5370 Unscb.
497 5315 594 5371 Necbr.
607 5321 812 5373 catechismum.

329 5396 360 5461 7)
380 5396 482 5455 Unscb.
497 5397 594 5453 Nscbr.
609 5399 807 5471 r'ersurmerrterr.

331 5486 359 5549 8)
378 5485 396 5538 i.
411 5502 435 5540 e.
449 5484 530 5538 liber:
549 5483 744 5553 „Reiornetio
759 5486 894 5545 Ecclesiae
909 5488 1099 5548 cassasse·
1118 5504 1169 5553 ete.

1338 1448 1374 1504 et
1389 1433 1553 1508 rescribe.
1602 1431 1670 1503 Die
1686 1433 1722 1508 8.
1738 1432 1861 1526 Septb.
1877 1458 1971 1506 anno
1991 1433 2101 1512 1543.

1349 1764 1415 1835 No.
1429 1763 1543 1840 2752.

1338 1861 1548 1896 m

2202 1775 2251 1855 (h.
2273 1777 2315 1857 t·)

2189 1870 2329 1902 Q

1705 1929 1953 2043 Praefatio,

1404 2093 1538 2149 Praefatio
1558 2094 1702 2165 praemissa
1722 2097 1808 2151 libro:
1832 2093 2002 2151 Reiormstio
2023 2092 2152 2152 ecclesiae
2167 2097 2326 2154 Coronien·

1437 2163 1473 2217 sis
1494 2183 1526 2218 ac
1542 2165 1624 2216 totius
1640 2164 1779 2219 {lercensis
1794 2165 1958 2234 provinciae.
1996 2163 2065 2219 Cum
2081 2167 2245 2287 praelatione
2260 2169 2326 2223 Phi·

1438 2232 1503 2302 lippi
1518 2231 1689 2286 Melanthon.
1721 2232 2248 2304 wissemtagae,anu0b.1).xtttt.
2264 2245 2326 2308 (per

1437 2299 1579 2368 losephum
1590 2300 1670 2367 Klug.
1690 2303 1724 2354 22
1739 2306 1840 2423 paggip.
1858 2334 1895 2345 -
1928 2302 2006 2356 Extat
2018 2301 2062 2357 hic
2077 2303 2145 2357 liber
2159 2306 2185 2356 in
2200 2307 2327 2362 biblioth.

1438 2367 1533 2420 llamb.
1559 2378 1586 2420 et
1608 2368 1765 2422 Helmstadt.
1830 2370 2003 2424 ratisbonem
2030 2370 2095 2424 nsihi
2121 2372 2207 2425 deseri
2227 2373 2261 2427 sit
2282 2374 2325 2431 Cl.

1437 2435 1634 2502 Eulimenos,
1652 2436 1671 2490 l.
1688 2437 1724 2492 U.
1739 2439 1824 2493 Doct.
1837 2436 2019 2508 lismburg.*)
2035 2466 2038 2470 ⁴
2055 2439 2175 2494 liabetur
2193 2441 2238 2497 bec
2254 2441 2327 2497 liber

1436 2503 1517 2558 etiam
1539 2505 1567 2556 in
1590 2503 1714 2559 biblioth.
1733 2507 1910 2577 Norinberg.,
1940 2516 1965 2559 et
1984 2525 2066 2560 ereo
2092 2507 2233 2579 descripsit
2257 2510 2326 2565 mihi

1437 2571 1632 2643 praefationem
1645 2575 1724 2627 etiam
1739 2574 1767 2628 S.
1783 2576 1815 2629 V.
1826 2577 1990 2629 Runrrerus.
2026 2574 2168 2630 Caeterum
2182 2577 2235 2631 sid.
2248 2581 2326 2650 epist.

1436 2640 1642 2762 squescedentem
1661 2651 1688 2695 et
1702 2641 1812 2698 Luthesi
1832 2644 1960 2715 epist..ed
1979 2642 2125 2699 Romaschi
2144 2644 2171 2700 d.
2193 2650 2218 2700 1.
2225 2647 2326 2720 §eptb.

1525 2858 1789 2965 Philippus
1813 2863 1990 2939 Melan.
2026 2863 2134 2941 S.D.

1333 2977 1427 3067 lude
1441 3022 1554 3091 usque
1572 2999 1617 3067 ab
1631 2998 1752 3083 initio,
1775 3013 1960 3093 postquam
1979 3017 2096 3071 exorta
2113 3014 2196 3072 sunt
2209 3001 2326 3096 impe-

1335 3101 1404 3183 ria,
1442 3104 1562 3186 gentes
1587 3123 1710 3168 omnes
1740 3100 1833 3169 inter
1860 3123 1895 3169 se
1918 3104 2011 3171 ferro
2036 3117 2209 3191 grassatae
2232 3120 2326 3191 sunt,

1335 3214 1371 3270 et
1393 3200 1544 3269 subinde
1565 3205 1779 3272 mutationes
1799 3224 1989 3291 regnorum
2005 3205 2121 3274 tristes
2137 3219 2171 3275 et
2184 3206 2325 3277 luctuo-

1334 3325 1391 3371 sae
1415 3301 1524 3371 sactae
1549 3315 1643 3373 sunt.
1693 3299 1853 3373 Primum
1876 3300 2086 3398 Babylonii,
2113 3319 2232 3397 postea
2254 3303 2324 3378 As-

1334 3402 1439 3495 syrii,
1468 3403 1595 3471 deinde
1612 3400 1737 3470 Persae
1757 3417 1961 3492 regnarunt.
2012 3403 2089 3475 Hos
2109 3408 2220 3478 secuti
2240 3424 2325 3481 sunt

1335 3503 1474 3592 liraeci.
1530 3499 1669 3572 Deinde
1690 3501 1866 3588 Romani,
1907 3529 1988 3574 mox
2009 3503 2151 3592 Parthi,
2192 3509 2323 3581 deinde

1334 3602 1501 3674 Saraceni
1515 3628 1578 3672 sen
1597 3600 1756 3673 Arabum
1777 3606 1949 3690 latrones,
1973 3630 2054 3675 mox
2072 3606 2183 3678 Turci
2198 3613 2323 3701 procul

1334 3730 1375 3774 ex
1393 3702 1540 3774 Caucasi
1565 3704 1658 3794 iugis
1680 3705 1807 3780 educti.
1871 3705 1971 3777 luter
1993 3702 2057 3777 hos
2081 3710 2239 3798 gentium
2263 3726 2322 3783 tu·

1333 3807 1466 3876 multus
1484 3819 1517 3875 et
1530 3805 1623 3874 inter
1637 3798 1701 3875 has
1712 3829 1901 3895 regnorum
1915 3807 2036 3882 ruinas
2048 3833 2103 3878 res
2118 3809 2192 3902 ipsa
2204 3827 2324 3885 osten·

1335 3907 1408 3992 dit,
1439 3930 1583 3998 semper.
1593 3907 1729 3976 duriter
1744 3921 1939 4000 quassatam
1958 3932 2031 3980 esse
2047 3909 2115 3980 Dei
2130 3912 2324 3990 ecclesiam.

1335 4007 1424 4076 Nam
1450 4021 1490 4077 ut
1521 4008 1612 4075 bella
1640 4021 1674 4079 et
1698 4009 1844 4078 urbium
1874 4011 2007 4080 excidia
2037 4013 2159 4082 fatales
2188 4037 2324 4104 poenae

1335 4122 1417 4177 sunt
1439 4109 1628 4191 scelerum,
1655 4107 1970 4191 idolomaniarum,
2002 4112 2216 4200 libidinum,
2242 4142 2324 4190 cru-

1334 4210 1517 4279 delitatum
1534 4208 1626 4277 inter
1639 4223 1776 4296 gentes,
1808 4209 1856 4281 ita
1878 4225 1911 4282 ct
1931 4213 2095 4283 ccclesiae
2112 4215 2239 4287 delicta
2253 4244 2322 4311 pu-

1334 4311 1450 4384 niunt.
1501 4308 1578 4397 ‚sed
1602 4309 1693 4379 illud
1714 4323 1765 4379 est
1788 4312 1855 4402 piis
1877 4311 2068 4401 diligenter
2093 4317 2323 4390 consideran-

1335 4412 1437 4495 dum,
1462 4435 1542 4480 cum
1558 4410 1648 4480 bella
1665 4411 1797 4499 pariter
1810 4427 2010 4500 grassentur
2024 4415 2063 4483 in
2087 4415 2213 4509 impias
2236 4442 2322 4511 gen-

1334 4526 1384 4581 tes
1401 4526 1434 4581 et
1450 4511 1639 4595 ecclesiam,
1656 4506 1824 4604 Epicurei
1845 4513 2046 4585 existimant
2067 4517 2174 4588 inane
2189 4544 2321 4593 nomen

1334 4636 1407 4681 csse
1423 4613 1603 4682 ecclesiam
1617 4609 1696 4695 Dei,
1727 4637 1791 4683 nec
1814 4614 1923 4683 ullam
1946 4631 2081 4707 partem
2099 4621 2237 4708 generis
2252 4619 2321 4694 hu-

1333 4713 1428 4784 mani
1444 4710 1519 4783 Deo
1534 4736 1637 4783 curae
1651 4735 1735 4787 esse.
1786 4712 1856 4785 Sed
1872 4739 1956 4801 nos,
1979 4718 2041 4810 qui
2057 4721 2258 4804 testimonia
2275 4727 2320 4798 de

1364 4982 1392 5039 91
1411 4979 1516 5035 Unscb.
1529 4977 1626 5034 Nachr.
1642 4977 1706 5032 Iesse
1721 4979 1832 5036 Cluristi.

1367 5068 1408 5130 10)
1429 5062 1532 5119 Unscb.
1545 5061 1645 5116 Necbr.
1658 5064 1756 5130 uls'qus'.

1365 5150 1394 5222 ¹⁸¹)
1413 5148 1583 5202 llol'mannus
1594 5158 1782 5227 argumentum
1794 5149 1854 5202 libri
1868 5150 1920 5205 hoc
1931 5170 1988 5207 esse
1997 5154 2119 5226 scripsits
2135 5159 2169 5213 de
2180 5160 2321 5232 doctrinm

1401 5221 1433 5272 de
1446 5216 1618 5296 baptismatcj
1637 5216 1670 5268 de
1686 5234 1766 5270 massa
1782 5218 1899 5287 privats;
1917 5221 1949 5272 dc
1963 5223 2041 5278 misse
2056 5226 2179 5296 publicu
2205 5233 2240 5285 de
2252 5234 2320 5287 reli·

1400 5284 1710 5418 ttitt‘tttttt⁵ti..‘i
1723 5293 2321 5424 t'ttttttli‘tt'trit.t¹'tltl⁵.t?.‘.³..l‘-

1400 5422 1434 5474 de
1451 5420 1566 5482 scholica
1589 5420 1622 5474 de
1639 5419 1817 5492 pauperibnss
1846 5423 1879 5479 de
1895 5425 2022 5497 pupillist
2049 5428 2083 5485 de
2101 5429 2225 5490 libertate
2244 5437 2317 5495 ebat.

1289 5514 1291 5519 .
1398 5490 1492 5545 “imm
1503 5498 1515 5519 x
