4868 6420
115 361 166 440 es
702 349 1135 433 urrsromnuu
1189 315 1302 431 ura
1334 354 1400 436 ur.
1451 352 1587 432 1sss.
2099 367 2179 442 ,g
2256 405 2258 409 ,

116 546 233 605 essent
244 531 448 626 patefactae,
463 553 555 627 quae
566 528 666 623 prius
679 527 1111 620 nonfuerantpatefactac,
1159 525 1226 603 No.
1238 527 1352 605 2661.
1881 584 1889 591 .
1984 546 2041 613 19,
2059 541 2147 608 Mm,

112 636 317 731 symbolum
341 633 501 720 accessit,
530 635 627 729 quod
649 632 811 704 comitari
832 631 1032 702 doctrinam
1047 630 1110 698 de·
1167 625 1337 656 ω
1711 646 1715 654 ·
1749 705 1756 720 ·
1979 633 2150 665 *ἢν

115 739 188 811 bet.
239 734 312 805 Nec
336 736 527 806 damnatur
551 735 651 827 prior
664 734 878 827 baptismus,
906 745 947 803 ut
963 728 1110 802 Anaba-
1478 692 1550 786 Ge·
1575 669 1824 810 Spalaimo.

115 838 244 930 ptistae
265 860 362 907 nunc
381 837 553 906 damnant
579 836 757 907 infantum
775 834 1010 927 baptismum,
1048 833 1109 904 sed
1227 873 1304 944 ,ὠ
1318 894 1370 951 apo
1403 876 1453 933 .in
1467 877 1528 933 eod.
1545 876 1643 935 oreas.
1660 877 1691 936 α
1705 858 1765 937 ιω.

116 938 348 1010 confirmatur
364 932 595 1029 emendato')
616 961 746 1011 errore.
803 933 907 1006 Nunc
937 934 1033 1003 enim
1057 948 1111 1006 te-
1262 944 1355 1002 ndit·
1402 944 1595 1002 ‚Gaesarem

116 1052 260 1112 stantur
279 1035 465 1131 Apostoli,
497 1050 592 1109 recte
612 1037 742 1110 laetum
767 1059 859 1123 esse,
890 1038 986 1130 quod
1011 1035 1111 1106 istis
1159 1040 1163 1048 ’

119 1135 280 1211 Iohanne
295 1139 462 1232 baptizati
474 1154 576 1226 sunt,
601 1154 635 1211 et
651 1141 748 1234 quod
763 1138 1052 1224 eicrediderunt‚
1075 1148 1111 1209 et

118 1242 334 1336 praedictam
354 1266 374 1312 a
392 1237 553 1311 Iohanne
574 1243 741 1327 salutem,
765 1254 939 1312 testantur
958 1241 1028 1309 iam
1050 1262 1110 1309 ex·
1159 1213 1204 1306 S.
1231 1234 1277 1312 D.
1325 1235 1434 1308 Mitto
1455 1238 1522 1308 tibi
1547 1241 1634 1309 duas
1655 1239 1904 1311 contiunculas
1912 1234 1969 1338 *)‚
1998 1269 2149 1337 quarum

117 1341 271 1423 bibitam
290 1366 374 1413 esse.
424 1341 494 1414 Sed
514 1341 545 1413 si
569 1342 628 1413 isti
649 1367 745 1414 nunc
763 1355 947 1412 manerent
971 1340 1011 1409 in
1034 1340 1110 1432 pri·
1159 1338 1347 1409 lectionem
1363 1339 1431 1409 tibi
1444 1364 1519 1411 non
1534 1340 1716 1412 insuavem
1729 1343 1806 1412 fore
1819 1365 1934 1435 spero.
1984 1338 2062 1437 Ego
2083 1350 2149 1419 etsi

118 1447 212 1517 stina
227 1446 417 1537 opinione,
442 1440 558 1515 adhuc
575 1447 827 1537 eripectandum
842 1465 916 1512 csse
930 1440 1110 1524 Maniam,
1160 1440 1264 1510 video
1279 1441 1483 1533 impendere
1503 1466 1646 1533 magnas
1667 1440 1788 1514 rerum
1811 1439 2047 1518 humanarum
2070 1475 2151 1521 mu-

117 1548 322 1640 polluerent
333 1545 547 1638 baptismum
562 1547 718 1639 priorem
738 1540 846 1616 huius
866 1544 997 1614 erroris
1018 1545 1110 1622 labe,
1159 1542 1328 1628 tationes,
1367 1555 1487 1613 tamen
1513 1540 1598 1614 haec
1621 1545 1739 1615 studia
1761 1540 1837 1615 non
1859 1548 2055 1620 abiicienda
2078 1576 2150 1623 esse

117 1673 189 1743 qua
204 1647 701 1719 etiamamitterentdonatam
716 1645 1057 1725 reconciliationem,
1079 1642 1111 1712 si
1160 1667 1297 1719 censeo.
1347 1641 1518 1716 Mensura
1530 1661 1583 1717 est
1603 1647 1699 1716 enim
1713 1643 1872 1718 Ecclesia
1883 1647 1972 1737 Dei,
1996 1647 2062 1722 bac
2084 1678 2150 1726 nos

118 1751 260 1835 nollent
274 1749 437 1820 assentiri
451 1773 565 1819 novae
576 1747 832 1841 praedicationi
845 1744 1110 1839 Apostolorum.
1161 1769 1239 1838 spe,
1265 1742 1397 1837 optime
1414 1746 1447 1818 et
1470 1747 1588 1821 cariss.
1604 1745 1649 1822 Ι).
1662 1743 1879 1844 Spoletina,
1904 1766 2150 1832 sustentemus.

117 1847 216 1942 Ergo
244 1867 284 1923 ut
313 1850 514 1941 intelligant
538 1874 620 1921 vere
641 1845 833 1921 exhibitam
856 1872 931 1919 esse
950 1850 1112 1931 salutem,
1163 1844 1239 1917 lmo
1270 1860 1307 1917 et
1333 1846 1475 1918 indiciis
1502 1872 1689 1920 mansurae
1716 1845 1894 1921 Ecclesiae
1927 1857 2151 1929 consolemur
2224 1887 2227 1890 ⁴

116 1952 299 2043 accipiunt
320 1975 400 2023 cum
427 1952 623 2044 baptismo,
661 1952 766 2020 etiam
798 1952 981 2020 manifesta
1018 1951 1112 2018 dona
1161 1972 1227 2018 nos
1242 1951 1409 2019 adversus
1423 1946 1698 2044 Sycophantias,
1720 1975 1809 2045 quae
1828 1953 1929 2023 nulla
1944 1971 2055 2027 aetate
2076 1984 2151 2029 non

120 2053 278 2147 Spiritus
297 2052 429 2138 sancti,
461 2068 501 2125 ut
522 2052 723 2143 intelligant
738 2051 907 2122 Messium
928 2045 1112 2120 inchoasse
1162 2065 1392 2121 exercuerunt
1410 2066 1598 2143 occupatos
1615 2052 1768 2144 publicis
1781 2055 1944 2144 negotiis.
1994 2057 2103 2130 Mitto
2118 2075 2153 2132 et

120 2179 256 2225 novum
274 2169 308 2226 et
330 2168 513 2226 aeternum
533 2176 699 2242 regnum,
730 2167 765 2223 et
786 2156 965 2245 deponant
986 2149 1112 2240 imagi-
1160 2152 1304 2222 brevem
1319 2151 1583 2245 responsionem
1608 2157 1652 2223 de
1674 2153 1930 2233 contractibus.
1979 2157 2069 2228 Nam
2096 2162 2153 2231 in-

120 2257 283 2327 nationes
302 2259 346 2327 de
370 2255 520 2347 imperio
542 2255 698 2348 politico.
747 2251 862 2325 Antea
884 2253 952 2323 tide
970 2250 1113 2323 venturi
1160 2268 1257 2344 tegre
1278 2275 1428 2324 resnou
1447 2267 1562 2346 potest
1586 2253 1752 2349 explicari
1774 2254 1850 2326 sine
1873 2258 1977 2348 longa
1992 2261 2153 2354 disputa-

119 2355 270 2428 Dornini
303 2358 492 2427 credebant
525 2357 594 2426 sibi
626 2356 770 2426 remissa
801 2369 951 2449 peccata.
1008 2353 1113 2424 Nunc
1162 2354 1278 2439 tione,
1303 2368 1337 2425 et
1350 2370 1443 2426 certe
1457 2378 1557 2425 sacco
1572 2356 1839 2426 distinctionum
1854 2382 1943 2448 opus
1957 2356 2081 2444 habet,
2108 2366 2152 2435 de

120 2472 316 2548 agnoscunt
339 2482 379 2555 ex
401 2457 595 2528 manifestis
618 2457 722 2527 donis
734 2456 888 2549 Spiritus
911 2455 1024 2526 sancti
1048 2456 1112 2524 da·
1162 2481 1233 2550 quo
1257 2457 1436 2527 interdum
1460 2457 1570 2527 iocari
1593 2458 1695 2528 soles.
1748 2455 1802 2527 De
1822 2453 2041 2532 habitatione
2071 2466 2152 2535 vide

120 2574 192 2658 tam
215 2583 287 2628 esse
312 2558 555 2629 remissionem
578 2572 812 2651 peccatorum.
868 2556 971 2627 Hanc
993 2555 1112 2626 iudico
1162 2571 1298 2629 textum
1315 2557 1355 2627 in
1370 2560 1525 2629 secundo
1534 2559 1628 2630 libro
1640 2556 1909 2630 Institutionum
1925 2562 2029 2633 titulo
2044 2567 2153 2658 quin-

120 2661 417 2752 simplicissimam
447 2683 521 2730 esse
549 2659 828 2751 explicationem.
887 2657 1112 2727 Disserebam
1163 2673 1221 2745 to,
1247 2655 1410 2730 iidelicet
1436 2661 1480 2730 de
1502 2683 1568 2730 usu
1592 2675 1626 2730 et
1650 2654 1888 2746 habitatione,
1920 2664 2150 2739 ubidicitur:

120 2757 199 2833 heri
221 2776 357 2833 etcum
377 2751 780 2844 meduanensem,
805 2757 1111 2854 quinolcbatdici
1164 2760 1386 2852 permisimus
1407 2784 1487 2829 non
1507 2760 1621 2831 solum
1646 2761 1686 2828 in
1707 2783 1747 2829 ea
1772 2763 1914 2851 degere,
1952 2767 2013 2835 sed
2046 2770 2152 2839 etiam

84 2907 86 2913 >
119 2863 451 2956 rebaptizationem:
487 2861 538 2933 Et
563 2862 720 2946 dicebat,
756 2877 908 2954 utroque
938 2859 1112 2952 baptismo
1163 2861 1242 2931 aliis
1265 2860 1392 2935 locare.
1447 2858 1496 2930 Et
1518 2859 1765 2932 iurisconsulti
1790 2861 1929 2947 dicunt,
1961 2860 2153 2940 habitatio-

119 2965 227 3036 fuisse
240 2967 414 3036 utendum
431 2978 575 3057 propter
593 2964 752 3034 diversos
772 2965 957 3046 articulos,
982 2962 1114 3032 scilicet
1164 2961 1300 3031 nemin
1324 2984 1364 3031 ea
1386 2975 1484 3053 parte
1505 2961 1658 3034 similem
1683 2986 1755 3033 csse
1771 2966 1980 3041 usufructui.
2032 2969 2102 3042 Sed
2122 2976 2152 3043 si

120 3068 166 3136 de
179 3080 350 3151 venturo,
375 3079 409 3136 et
426 3061 582 3136 exhibito
595 3060 751 3137 Christo.
802 3063 942 3135 Vitabis
961 3076 1000 3134 tu
1023 3087 1113 3157 quo·
1163 3063 1230 3134 tibi
1243 3086 1318 3133 non
1334 3063 1526 3148 satisfacio,
1547 3063 1729 3158 Lycurgos
1742 3069 1913 3158 quaerito.
1962 3065 2165 3143 Commen-‘

120 3191 191 3261 que
207 3168 370 3279 odiosum
384 3191 515 3237 nomen
529 3165 826 3258 rebaptizationis.
1123 3255 1125 3259 Α
1163 3166 1210 3235 do
1233 3163 1300 3236 tibi
1324 3165 1437 3235 civem
1464 3177 1619 3235 vestrum
1640 3159 1950 3261 Christoplrorum
1968 3168 2152 3269 Hosmnn,

223 3293 317 3369 Etsi
337 3295 439 3369 locus
463 3292 585 3374 Actor·
608 3300 666 3374 ¹9·
685 3297 810 3396 prfma
831 3293 944 3391 Spem-3
966 3314 1057 3392 pm,
1076 3318 1114 3364 ,e
1163 3266 1320 3359 comperi
1352 3265 1447 3334 enim
1472 3265 1669 3338 studiosum
1705 3291 1788 3338 esse.
1839 3267 1937 3338 Bene
1960 3273 2049 3343 vale.
2094 3278 2152 3347 die

114 3396 222 3499 serra
237 3395 391 3482 ridetur,
417 3392 682 3498 quasiPaqus
697 3397 793 3471 siros
808 3394 897 3470 illos
916 3399 973 3468 ta.
989 3396 1028 3465 in
1046 3392 1076 3466 I
1074 3420 1114 3464 o-
1144 3421 1145 3425 ¹
1165 3364 1365 3443 19·M⁸rffi
1382 3365 1492 3445 ¹545·
1863 3470 1872 3488 ⁹

119 3493 264 3573 hannis
279 3500 467 3601 baptismo
479 3500 588 3599 prius
602 3498 828 3598 baptizatos,
854 3493 972 3569 denuo
991 3496 1114 3595 bapti·
1803 3467 1900 3546 Phss·
1915 3470 2001 3544 Mel·

118 3600 240 3673 sarit.-
266 3611 393 3684 ,tamen
420 3599 630 3699 expeditiss.
659 3599 757 3673 ratio
778 3593 996 3699 explicandi
1016 3593 1114 3671 hreno
1263 3599 1418 3674 Essiam
1430 3604 1498 3675 scis
1511 3617 1691 3677 mortuum
1706 3596 1857 3699 esse**).
1889 3604 1932 3680 V
1927 3608 2052 3680 enetiis
2065 3636 2153 3707 qua.

119 3699 242 3784 imm
257 3712 329 3788 Μ»
353 3703 391 3776 ⁸1⁶
403 3700 590 3800 Synlaxl's
605 3698 750 3777 Graeca
768 3702 993 3783 observant,
1020 3725 1114 3799 quae
1258 3719 1346 3779 tuor
1366 3707 1631 3779 concionatores
1651 3732 1741 3800 pure
1768 3710 1897 3781 docent
1917 3706 2153 3805 Evangelium

119 3803 163 3885 in
177 3799 500 3894 Latinnsersiona
513 3803 630 3903 partio
644 3816 695 3877 est
717 3804 921 3890 obscurior,
946 3801 1011 3873 abi
1032 3799 1113 3897 (his
1264 3809 1348 3881 satis
1360 3807 1482 3884 libere.

118 3902 454 4007 auditis)ponitur
464 3931 533 4007 pro
548 3903 783 3994 ἄκούσαιτες,
807 3903 852 3977 id
863 3912 932 3990 ost,
956 3901 1113 3977 audien-

120 4017 194 4082 tes:
217 4019 251 4081 et
265 4033 359 4109 qnae
374 4006 480 4080 verba
489 4003 607 4082 Pauli
617 4018 715 4096 sunt,
740 4032 780 4079 eo
795 4007 1004 4108 reseruntur
1019 4031 1114 4105 pua·
1233 4061 1237 4068 .

120 4112 160 4187 si
179 4107 446 4207 Evangelsstas
467 4109 574 4182 verba
597 4121 723 4182 essent.
782 4106 971 4180 Sententia
992 4118 1113 4178 antem
1697 4189 1699 4194 Ι

123 4236 209 4287 sera
231 4207 322 4284 haec
340 4223 409 4283 est:
439 4208 560 4284 Dixit
574 4207 739 4284 Paulus:
763 4204 953 4281 Iohannes
969 4205 1114 4307 quidem
1164 4157 1358 4285 Q·
1977 4259 2148 4290 m

112 4313 329 4414 ,baptizavit
346 4313 531 4413 baptismo
551 4311 813 4412 poenitentiae,
838 4309 960 4383 dicens
977 4308 1124 4409 populo⁴
1480 4339 1523 4424 P
1558 4338 1822 4425 Medmanno

124 4413 703 4515 utinaumquiveniebatposti
726 4408 1022 4493 remandarent,
1047 4407 1115 4483 hoc
1519 4405 1530 4427 ‘
1775 4416 1777 4421 ⁴
1822 4407 1832 4426 ⁵

123 4526 199 4606 esi,
228 4516 410 4589 inlesum
430 4508 634 4590 Christum.
684 4439 765 4614 ὄαί
779 4539 858 4586 vero
882 4508 984 4583 illud
1003 4509 1114 4587 audi-
1261 4516 1341 4586 iffi
1355 4517 1489 4590 apogein
1503 4514 1664 4574 eod.Psris.
1679 4516 1716 4571 D·
1729 4517 1758 4570 L·
1773 4519 1832 4573 5⁴⁸·

123 4630 268 4708 verunt,
308 4618 495 4718 baptizati
515 4627 601 4691 sunt
632 4617 672 4689 in
692 4642 821 4688 nornen
843 4613 1007 4686 Domini
1027 4611 1114 4689 Iesu
1216 4673 1223 4691 .
1357 4672 1364 4690 .
1454 4692 1459 4699 ,
1471 4671 1513 4744 D
1548 4668 1587 4745 P
1794 4670 1821 4743 d
1965 4642 1986 4665 ⁴<

125 4712 1115 4818 (anhannesciliceOposteasequiturhistoridecon-
1168 4672 1265 4753 Vm
1286 4683 1452 4794 l'plmw’.
1509 4722 1526 4792 ,⁸
1589 4683 1687 4744 ⁶²7⁰
1707 4678 1783 4792 ,ΜΘ
1828 4698 1964 4798 mann
1974 4703 2011 4795 ⁰.’
2042 4671 2153 4755 0⁰1sp

1254 4800 1339 4847 niae
1355 4772 1602 4873 Agrippinae,
1633 4801 1752 4846 amico
1776 4803 1844 4848 sno
1865 4800 2066 4856 carissimo.

124 4823 289 4896 tinnatio
306 4821 423 4894 serbis
441 4819 709 4923 Evangelistae
725 4844 910 4926 expressa.

1778 899 1806 953 p.
1818 878 1886 937 39¹2.
1899 901 1941 957 ep.
1953 883 1996 944 53.
2013 849 2147 973 descripta

1357 1059 1364 1074 i
1406 1092 1608 1200 Georgia
1630 1073 1904 1204 Spalatino.

1166 4892 1210 4982 S.
1237 4909 1282 4986 D.
1332 4907 1528 5003 Epistulam
1550 4913 1593 4981 ad
1618 4925 1652 4982 tc
1674 4914 1753 4981 misi
1775 4939 1838 5005 per
1859 4939 1937 4998 eos,
1963 4918 2024 5009 qui
2040 4917 2154 4989 Fran-

1167 5011 1360 5083 cofordiam
1384 5013 1670 5104 proficiscuntur,
1711 5040 1816 5107 cluam
1846 5016 1947 5084 reddi
1967 5019 2033 5086 tibi
2055 5035 2152 5110 opta·

158 5152 370 5225 gedeon,
383 5159 534 5211 mmm,
1166 5112 1247 5185 rim.
1304 5112 1429 5185 Scribo
1455 5115 1568 5184 rarius
1595 5138 1668 5185 non
1694 5117 1799 5186 aliam
1825 5118 1872 5186 ob
1896 5143 2054 5207 causam,
2086 5123 2154 5193 nisi

122 5029 350 5048 m

1194 5367 1230 5437 ,*)
1247 5367 1291 5422 De
1303 5367 1388 5422 Paulo
1402 5375 1427 5420 et
1442 5323 1604 5438 Polycarpo.
1639 5365 1702 5421 Vid.
1717 5386 1758 5439 ep.
1771 5367 1884 5439 Myron.
1901 5370 1927 5424 d.
1942 5371 1985 5427 26.
1994 5351 2075 5429 Mart.
2088 5375 2153 5442 hh.

1183 5449 1308 5576 'niele
1309 5453 1357 5575 ¹10.
1377 5449 1458 5508 Febr.
1480 5448 1554 5508 tsst.
1590 5448 1652 5504 Vid.
1672 5469 1752 5522 supra
1772 5470 1814 5523 ep.
1834 5453 1867 5508 sd
1888 5453 2024 5514 Gamerae.
2044 5468 2155 5515 exeunte

125 5597 430 5711 atrismanus.
457 5597 597 5664 Vos.V.
1128 5632 1132 5639 ¹
1184 5649 1191 5666 t
1291 5592 1315 5665 5
