4882 6426
193 369 271 444 397
388 430 396 448 .

198 545 296 641 'apud
317 556 481 617 tutorem.
531 544 610 616 Hoc
632 546 795 637 cupimus
805 549 907 637 apud
924 548 1079 641 aliquam
1101 545 1190 617 civi-

198 663 308 723 tatem
333 674 397 740 pro
422 645 591 737 pensione
616 661 709 718 certa
731 649 921 735 collocare,
947 662 988 720 ut
1001 673 1067 741 pro
1083 648 1191 743 quiu-

199 752 368 846 quaginta
387 749 502 820 aunis.
555 744 637 819 Oro
656 750 786 838 igitur,
810 763 853 822 ut
876 774 933 820 me
954 751 1130 821 adiuvetis
1151 749 1191 817 in

199 878 243 924 eo
264 850 417 939 negotio.
461 847 541 919 Etsi
560 844 830 921 Northnsanus
856 850 1006 923 Senatus
1028 853 1117 922 solet
1139 863 1193 922 ta·

201 956 254 1024 les
277 952 502 1023 venditiones
526 953 660 1037 facere,
685 954 854 1023 adiuvare
870 977 952 1039 nos,
970 967 1011 1024 ut
1025 949 1113 1024 haec
1128 976 1192 1044 pe·

200 1055 305 1127 cunia
333 1048 550 1123 Northusiae
577 1053 780 1128 collocetur.
830 1053 928 1124 Bene
950 1057 1074 1130 valete.
1124 1051 1193 1124 Die

199 1156 375 1247 gloriosae
396 1148 626 1224 Ascensionis
648 1151 785 1227 Christi
813 1153 923 1230 1544.
988 1154 1094 1238 Filii,
1125 1153 1195 1228 Dei

199 1257 393 1342 beneficio,
417 1268 510 1327 recte
527 1257 664 1343 valent,
682 1272 717 1329 et
732 1257 893 1333 discunt.

198 1695 268 1767 No.
281 1690 393 1762 2946.

206 1790 379 1822 w

495 1849 578 1969 (G.
600 1850 869 1964 Spoletina)

268 2013 344 2085 μὴ
362 2031 376 2067 s
396 2031 413 2065 o
447 2009 501 2066 .ln
520 1968 1038 2082 eoa.1)md.scrtn.etthp.sb.
1063 2012 1146 2083 epi.
1177 2030 1194 2068 a

298 2029 459 2138 Genimih
473 2079 614 2152 descripta.

1031 1705 1089 1766 23.
1107 1697 1193 1762 Mali.

1041 1793 1179 1825 M

402 2213 629 2314 (Georgia
654 2196 982 2312 Spoletinum

197 2333 246 2426 S·
264 2354 311 2430 D.
360 2351 479 2423 Huius
492 2352 564 2421 diei
580 2350 856 2444 disputationem
864 2343 923 2447 ”)
937 2350 1005 2421 tibi
1019 2349 1136 2432 mitto,
1159 2363 1193 2420 et

196 2459 355 2550 Lipsicas
376 2455 514 2547 aliquot
543 2454 715 2544 pagellas,
747 2477 899 2546 quarum
922 2453 1111 2524 lectionem
1133 2451 1193 2521 iu-

198 2560 405 2631 cundiorem
422 2555 489 2627 tibi
508 2579 609 2645 spero
626 2558 722 2640 fore,
745 2577 852 2648 quam
866 2554 1015 2625 fabellas
1037 2556 1082 2624 de
1105 2577 1192 2624 con·

198 2674 310 2732 ventu
334 2657 511 2749 Spirensi,
538 2681 629 2749 quae
653 2680 736 2752 sane
758 2649 892 2725 multae
913 2655 1043 2746 passim
1068 2657 1191 2725 ferun-

196 2779 271 2835 tur.
322 2759 392 2830 Sed
412 2759 449 2826 iu
468 2752 524 2826 his
539 2752 607 2826 hoe
620 2771 672 2828 est
685 2757 835 2827 maxime
851 2756 999 2846 dignum
1014 2779 1191 2826 memora-

196 2879 256 2936 tu:
284 2859 409 2931 Mense
425 2854 576 2929 Octobri
598 2882 719 2929 rursus
743 2859 922 2947 cogendus
943 2858 1012 2930 erit
1033 2881 1191 2928 conven-

197 2981 273 3049 tus,
299 2963 337 3030 in
352 2987 422 3054 quo
438 2972 500 3029 aut
522 2960 725 3031 conciliatio
752 2961 957 3050 dogmatum
979 2959 1191 3052 perficietur,

197 3081 260 3138 aut
282 3064 473 3155 imperator
493 3062 568 3152 ipse
585 3061 886 3154 pronuntiaturus
910 3074 978 3145 est,
1003 3061 1089 3155 quid
1108 3085 1191 3131 sen·

197 3169 267 3241 tire
290 3165 488 3235 Germanos
510 3163 608 3237 velit.
663 3162 806 3233 Novum
832 3162 1032 3253 exemplum
1055 3161 1191 3232 diiudi-

198 3269 347 3342 cationis
362 3265 682 3335 controversiarum
699 3263 1023 3337 ecclesiasticamm.
1067 3258 1189 3332 Audio

198 3363 415 3442 monachum
436 3387 509 3436 esse
531 3367 626 3455 apud
649 3366 896 3457 imperatorem
912 3362 1189 3435 Franciscanum

198 3475 382 3546 indoctum
400 3483 434 3539 et
448 3466 644 3551 furiosum,
667 3469 729 3558 qui
751 3466 913 3536 assiduus
929 3465 1096 3538 incitator
1117 3488 1192 3535 esse

197 3575 348 3657 dicitnr,
373 3582 414 3639 ut
438 3569 631 3659 imperator
651 3570 766 3638 deleat
779 3561 1002 3638 Lutheranas
1018 3567 1190 3639 ecclesias.

199 3678 272 3750 Sed
287 3698 388 3766 spero
398 3669 514 3740 Deum
531 3671 759 3740 defensurum
775 3690 849 3738 esse
865 3681 1003 3738 nostras
1018 3668 1191 3738 ecclesias.

197 3777 295 3850 Bene
313 3776 391 3843 vale
408 3786 441 3840 et
465 3771 631 3846 rescribe.
681 3769 859 3841 Postridie
874 3769 1047 3859 gloriosae
1069 3793 1192 3842 asceu-

197 3880 310 3951 sionis
326 3872 458 3948 Christi
478 3868 589 3946 1544.

593 3989 600 3999 '
657 4014 660 4024 ¹
892 3966 961 4047 Ph.
987 3969 1077 4042 Mel.

195 4174 1185 4207 W

473 4493 623 4578 Ioocb.
658 4488 916 4577 Camerario.

264 4673 351 4746 Epist.
363 4669 396 4725 ad
413 4667 551 4725 Camerar.
567 4683 595 4740 p.
608 4663 660 4720 466
676 4683 719 4738 sq.
737 4663 791 4732 (cd.
804 4661 893 4718 Lond.
908 4660 958 4717 lv,
976 4677 1020 4733 sp.
1032 4657 1116 4730 829.)

197 4849 405 4873 eoo-*¹⁶-

230 4971 260 5042 θ)
279 4969 359 5024 Caret
373 4961 482 5035 quidem
496 4956 673 5038 apographon
688 4952 877 5036 inscriptione,
893 4950 943 5033 secl
953 4948 1051 5032 legitur
1065 4947 1188 5072 haelc‘ep3

267 5037 353 5121 ...c
453 5022 1072 5158 ‘atfs²t¹¹saxs·...¹s::aaa.
1093 5036 1187 5140 cas

263 5104 409 5229 linihiiix?
429 5098 525 5239 litiis
538 5162 668 5218 scribitur
681 5158 753 5231 apud
766 5159 963 5228 Imperatorem
980 5173 1038 5208 esse
1051 5152 1186 5207 furiosum

265 5255 291 5298 et
302 5243 445 5297 indoctum
459 5231 624 5287 monachum
637 5223 1023 5321 ll'ranciscanum.”sssi‹luum
1043 5220 1185 5344 indiffinito-

264 5308 375 5366 remed
396 5303 525 5360 delendas
542 5299 675 5353 Ecclesiae
694 5295 867 5348 Lutberanas.
910 5321 945 5335 -
978 5290 1053 5346 liaeo
1075 5308 1105 5345 es
1127 5369 1129 5373 Ι
1150 5286 1185 5344 el.

265 5377 377 5452 epistola
389 5393 447 5429 esse
459 5368 573 5442 repetita
585 5366 699 5438 quisque
713 5363 802 5458 videt.
1064 5439 1071 5454 υ
1112 5439 1119 5457 ι
1160 5439 1167 5455 υ

228 5463 278 5533 5¹⁸)
295 5461 411 5515 Videtur
432 5473 490 5510 esse
507 5449 652 5533 disputatio
666 5447 802 5501 Theodora
817 5444 936 5500 Fabncn
954 5451 981 5499 et
994 5440 1121 5498 sumlui
1136 5439 1184 5496 ιι.

263 5528 365 5588 thuim.
400 5522 578 5592 Vid.Scrrpta
593 5515 669 5591 publ.
682 5515 716 5572 T.
731 5514 755 5572 1.
766 5532 795 5586 p.
806 5511 874 5568 dib.
925 5539 931 5550 ·

774 365 1216 451 mtsrosattutd
1265 366 1375 452 LlB.
1407 370 1472 451 IX.
1524 371 1661 449 1544.

2166 379 2260 468 sss:
2368 326 2370 331 ’

1259 537 1484 616 Clarissimo
1524 543 1602 614 viro
1643 542 1845 616 erudciiona
1884 558 1918 620 el
1952 550 2082 623 virtute
2111 574 2226 649 pras·

1268 646 1390 718 stanti
1411 641 1658 718 Ioaclsimo
1684 638 1961 723 Camerario
1987 648 2217 750 Pobergeosi

1629 773 1855 835 amicosuo,

1243 879 1287 969 S·
1309 896 1356 972 ι).
1406 895 1581 972 Reddidit
1596 898 1687 974 mihi
1706 900 1784 976 heu
1799 894 2236 1004 casparoatmecurm

1245 1001 1461 1070 descendens
1486 1004 1671 1095 epistolam
1695 1021 1813 1096 tuam,
1839 1011 1980 1100 plenam
1997 1012 2138 1106 pietatis
2156 1037 2238 1103 erga
2257 1073 2264 1084 .

1244 1099 1379 1186 Deum,
1406 1116 1440 1172 et
1460 1107 1590 1175 amoris
1608 1132 1689 1198 erga
1709 1134 1777 1183 me.
1827 1109 1906 1183 Etsi
1919 1126 2036 1184 autem
2054 1139 2128 1185 nou
2144 1111 2247 1184 nihil¹

1246 1204 1402 1273 accusari
1429 1227 1485 1273 me
1508 1207 1688 1298 intelligo,
1721 1214 1818 1305 quod
1838 1215 1961 1284 videar
1989 1217 2239 1305 indulgentior
2280 1260 2282 1267 <

1247 1305 1285 1373 in
1301 1327 1416 1389 meos,
1442 1309 1538 1398 quod
1554 1309 1649 1378 idem
1666 1308 1755 1380 mihi
1769 1309 1909 1395 ἆῖξίων
1923 1317 2052 1387 obiecit
2075 1332 2156 1387 ante
2181 1318 2238 1388 bi-

1246 1409 1376 1490 duum,
1410 1415 1526 1476 tam'en
1548 1411 1577 1477 si
1602 1412 1669 1481 tibi
1691 1427 1725 1483 et
1747 1428 1873 1486 natura
1896 1419 1994 1487 illius
2009 1421 2171 1510 penitus,
2196 1432 2238 1489 ut

1247 1502 1338 1576 mihi
1354 1519 1439 1576 nota
1456 1522 1564 1596 esset,
1590 1525 1624 1581 et
1637 1509 1706 1583 hoc
1721 1518 1907 1604 negocium
1923 1520 2153 1613 inquisitum,
2176 1540 2241 1590 ve-

1248 1609 1345 1677 niam
1369 1611 1470 1679 dares
1493 1635 1572 1681 meo
1596 1615 1725 1688 dolori.
1776 1614 1825 1688 Et
1845 1633 1964 1690 tamen
1985 1617 2157 1693 hactenus
2179 1647 2247 1693 οτι,

1248 1710 1333 1779 dine
1355 1711 1423 1779 leci
1445 1714 1577 1785 omnia.
1630 1711 1683 1786 Ac
1704 1717 1825 1789 iecisse
1839 1723 2007 1810 poenitet.
2057 1722 2165 1794 Facta
2187 1737 2243 1794 est

1248 1824 1329 1880 ante
1353 1811 1428 1880 eius
1449 1811 1518 1882 iter
1537 1818 1796 1903 reconciliatio,
1821 1822 1911 1892 dixit
1933 1825 2008 1913 ipse
2027 1820 2246 1918 ἀμνηστίαν.

1247 1913 1334 1986 lore.
1386 1911 1511 1983 Postea
1534 1918 1675 1988 rediens
1700 1943 1719 1988 e
1741 1918 1861 2010 Lipsia
1885 1925 1997 2002 mittit
2026 1928 2240 1997 commenti·

1247 2012 1338 2082 ciam
1359 2014 1544 2103 epistolam
1567 2019 1731 2110 scriptam
1749 2024 1986 2095 nesciocuius
2008 2027 2242 2100 adolescentis

1247 2114 1404 2188 nomine.
1454 2113 1595 2187 Deinde
1618 2144 1698 2189 cum
1722 2124 1921 2196 advenisset
1944 2129 2118 2218 postridie
2131 2153 2240 2218 expo-

1247 2215 1369 2296 stulat‚
1396 2216 1446 2287 ait
1460 2218 1550 2287 clam
1564 2220 1699 2291 litteras
1715 2238 1749 2294 et
1764 2225 1857 2294 dona
1875 2242 2014 2319 accepta
2029 2253 2114 2304 esse.
2166 2229 2241 2302 Tae

1245 2316 1341 2385 libus
1371 2316 1463 2386 ludit
1486 2321 1668 2408 po'e'motis.
1728 2320 1818 2393 Heri
1839 2328 2026 2399 discedens
2049 2355 2108 2401 me
2128 2332 2242 2404 artibs.

1246 2417 1341 2486 ciose
1354 2419 1533 2501 adoritur,
1560 2444 1598 2489 se
1611 2424 1728 2508 abire,
1754 2424 1783 2493 si
1801 2429 1926 2514 velim,
1946 2431 2056 2512 liliam
2072 2433 2167 2502 mitti
2181 2435 2242 2504 iun

1245 2520 1305 2589 bet
1325 2531 1404 2608 post
1427 2521 1564 2614 aliquot
1585 2524 1671 2598 dies.
1725 2523 1797 2595 Ubi
1820 2524 1906 2598 haec
1925 2531 2152 2604 didicerunt?
2175 2537 2242 2628 qni

1245 2643 1309 2688 nec
1331 2617 1545 2692 Dialecticos
1569 2638 1722 2708 norunt,
1756 2651 1821 2696 nec
1842 2631 2022 2721 captiones
2044 2635 2242 2706 causidicos

1244 2721 1351 2790 rum?
1384 2722 1540 2810 cogitant
1573 2725 1784 2796 alterutrum
1812 2731 1908 2812 iore,
1939 2747 1981 2803 ut
2002 2734 2068 2804 illa
2089 2750 2151 2805 aut
2172 2738 2242 2808 oli-⁴

1244 2835 1341 2892 trusa
1365 2820 1523 2908 dicatur,
1552 2838 1613 2894 aut
1635 2826 1672 2894 vi
1691 2839 1841 2904 retenta.
1900 2829 2063 2905 Petimur
2084 2837 2240 2922 insidiis,

1244 2925 1608 3015 oneramurprobris.
1659 2925 1787 2998 Nullas
1809 2930 1962 3020 litteras,
1993 2937 2131 3007 nullam
2154 2940 2241 3033 mli-

1244 3024 1360 3112 gionis
1390 3038 1452 3095 aut
1471 3026 1617 3097 virtutis
1644 3029 1845 3101 doctrinam
1872 3033 1966 3105 istud
1999 3059 2114 3126 geum
2133 3054 2239 3112 mats

1243 3122 1292 3195 Et
1306 3138 1345 3195 tu
1360 3120 1451 3194 mihi
1467 3140 1650 3220 tantopere
1664 3131 1855 3221 praedicas.
1906 3134 1989 3206 Vixi
2004 3133 2180 3211 hactenus
2190 3144 2239 3213 sis

1244 3249 1289 3294 ne
1320 3227 1503 3296 dedecore.
1559 3228 1601 3300 si
1622 3225 1690 3301 hoe
1713 3232 1866 3304 dedecus
1895 3237 1941 3306 ab
1965 3240 2042 3309 istis
2064 3242 2238 3327 oblat'mn,

1243 3321 1336 3396 mihi
1359 3329 1585 3399 subeundum
1611 3331 1697 3418 erit,
1729 3334 1861 3421 ieram,
1894 3340 2043 3410 memini
2062 3342 2161 3411 euim
2180 3354 2239 3413 nte

1243 3424 1320 3498 Deo
1335 3452 1468 3519 poenas
1482 3430 1613 3502 debere
1635 3433 1832 3514 multorum
1855 3437 2035 3530 lapsuum.
2081 3439 2132 3515 Et
2153 3466 2239 3515 cau-

1243 3551 1299 3599 sas
1310 3531 1508 3616 considero,
1523 3528 1740 3603 etEcclesiac
1755 3540 1913 3629 exempla
1929 3542 2039 3611 multa
2048 3539 2138 3612 mihi
2153 3569 2238 3636 pro-

1244 3654 1351 3722 pono.
1415 3629 1489 3700 Nec
1509 3645 1627 3702 tamen
1651 3634 1810 3704 desinam
1833 3660 1934 3709 orare
1955 3639 2090 3729 Deum,
2122 3658 2163 3716 ut
2179 3670 2238 3715 ms
2301 3732 2304 3737 r

1243 3732 1355 3816 iuvet,
1381 3746 1416 3803 et
1434 3734 1622 3823 expectabo
1636 3735 1894 3815 liberationem.
1934 3739 2143 3838 Tequoque
2158 3770 2238 3832 oro,

1243 3846 1284 3903 ut
1297 3833 1502 3903 memineris
1517 3857 1658 3906 versum
1674 3837 1796 3923 amici,
1822 3843 1867 3910 ad
1885 3842 2038 3914 amicum
2054 3847 2238 3920 calamito-

1245 3957 1342 4004 sumz
1368 3929 1490 4016 οὐδεὶς
1513 3930 1686 4035 ἀλάστωρ
1707 3941 1787 4020 τοῖς
1799 3936 1919 4044 φίλοις
1941 3943 1982 4016 ἐκ
2001 3950 2079 4019 τῶν
2100 3944 2236 4045 pluo,

1221 4068 1224 4072 ·
1245 4058 1291 4104 ne
1312 4048 1458 4128 propter
1481 4038 1576 4108 ullos
1599 4063 1619 4109 a
1642 4063 1699 4109 me
1719 4042 1904 4113 animosis
1923 4045 2119 4135 alieniore,
2143 4076 2235 4144 ‹pro-

1222 4159 1386 4229 cunque
1408 4161 1464 4207 res
1487 4141 1605 4225 cadet,
1638 4141 1704 4212 etsi
1725 4139 1843 4215 adhuc
1863 4146 2008 4239 quidem
2027 4150 2148 4220 omnia
2168 4154 2236 4223 feci
2299 4164 2300 4169 ’

1244 4238 1479 4324 moderatius,
1523 4263 1630 4334 quam
1658 4242 1785 4312 vellem
1820 4245 1965 4321 lactum.
2032 4247 2236 4322 Insomnem

1245 4339 1300 4427 egi
1313 4350 1424 4409 totam
1440 4335 1532 4410 hanc
1546 4357 1686 4414 noctem
1701 4366 1889 4435 oppressus
1907 4349 2155 4441 magnitudine
2168 4357 2236 4424 do·

1222 4464 1224 4467 ·
1245 4439 1341 4511 loris
1390 4438 1444 4509 Te
1465 4466 1546 4527 oro,
1568 4460 1608 4514 ut
1626 4441 1704 4515 Deo
1726 4469 1784 4516 me
1804 4448 1875 4539 piis
1891 4451 1982 4520 votis
1998 4458 2236 4530 commendes.

1243 4537 1298 4609 De
1314 4534 1458 4611 Sabino
1481 4544 1548 4613 tihi
1564 4559 1687 4616 contra
1709 4547 1821 4617 animi
1844 4551 1914 4619 mei
1930 4556 2140 4625 seutentiam
2154 4582 2234 4626 mo-

1245 4664 1320 4710 rem
1334 4663 1464 4731 geram.
1501 4642 1697 4740 Quicquid
1710 4664 1826 4720 autem
1840 4675 1915 4721 non
1930 4676 2044 4744 egero,
2058 4658 2120 4726 sed
2134 4671 2235 4729 actu-

1243 4765 1304 4810 rus
1326 4744 1412 4830 sim,
1436 4744 1562 4815 faciam
1584 4760 1618 4817 te
1639 4748 1838 4825 certiorem.
1888 4751 2000 4825 Mitto
2014 4756 2079 4826 tibi
2101 4772 2136 4829 et
2149 4753 2234 4828 Lo-

1242 4840 1378 4914 terensi
1403 4847 1603 4939 exemplum
1626 4850 1879 4940 disputationis
1899 4857 2090 4945 proximae.
2140 4859 2233 4930 Nam

1240 4945 1465 5116 iiffiifimm
1488 4956 1563 5020 non
1584 4944 1772 5029 habebam.
1820 4951 1919 5025 Bene
1940 4958 2038 5042 vale,
2063 4958 2120 5027 die
2141 4960 2233 5032 Maii

1825 5301 1831 5307 Ι
1853 5209 1986 5310 Philip.
2006 5214 2182 5299 Melanth.
