4868 6420
207 364 281 438 889
593 424 599 430 .
800 358 1240 439 EPISTOLARUM
1294 362 1488 443 LlB.lX.
1543 364 1678 442 1545.
1847 396 1850 400 ·
1926 421 1934 431 .
2175 361 2250 432 890

208 560 264 608 res
278 536 513 621 moestitiam,
538 534 635 628 quod
657 533 760 603 video
778 531 896 604 Deum
920 535 1076 605 mirabili
1096 535 1203 606 honi·
1353 539 1512 611 Historia
1544 543 1588 610 de
1619 540 1789 623 fratribus
1814 536 1980 610 Cataneis
2004 537 2173 607 recitatur
2204 534 2244 603 iu

208 653 280 712 tate
302 635 417 709 adhuc
439 639 624 709 literarum
650 637 818 730 reliquias
838 651 872 707 et
891 638 1009 730 aliqua
1031 639 1125 708 bona
1143 638 1201 706 in·
1252 657 1429 734 postrema
1438 638 1475 737 ¹⁵)
1502 646 1636 736 pagella
1654 649 1790 713 Aetnae
1809 638 1970 731 Virgilii,
1996 641 2060 709 etsi
2079 637 2246 708 versiculi

208 743 312 833 genia
334 766 482 815 servare.
532 738 615 809 Erit
631 740 739 829 igitur
760 741 879 832 aliqua
895 743 940 809 ad
957 755 1114 833 posteros
1131 737 1202 810 Ec·
1252 746 1513 838 aliquantulum
1545 746 1702 837 corrupti
1732 758 1825 816 sunt.
1877 743 2032 812 Narrant
2060 755 2094 810 et
2116 741 2245 811 Strabo

209 845 336 936 clesia,
358 859 392 915 et
409 857 514 913 erunt
529 843 668 935 aliquae
689 839 867 913 πολιτείαι
883 839 1122 914 Ecclesiarum
1136 845 1201 912 do·
1253 861 1286 916 et
1312 847 1522 934 Pausanias,
1550 851 1612 942 qui
1639 850 1756 941 inquit
1782 847 1887 918 etiam
1912 870 1975 915 suo
2003 859 2161 934 tempore
2188 866 2243 910 ce-

207 947 352 1019 micilia.
402 945 479 1034 Hac
496 970 556 1035 spe
577 946 708 1014 liberos
725 947 913 1014 educemus
933 959 966 1014 et
987 948 1201 1019 erudiamus.
1251 949 1429 1020 lebratum
1451 976 1523 1019 esse
1545 946 1613 1020 hoc
1637 951 1835 1040 exemplum
1867 948 2090 1017 sermonibus
2121 944 2247 1035 populi

206 1045 274 1119 Est
288 1062 405 1118 autem
425 1050 463 1116 in
485 1048 557 1115 lilio
573 1043 691 1116 Isaac
712 1048 845 1138 optima
865 1048 1004 1117 indoles
1020 1052 1064 1117 ad
1082 1049 1202 1117 literas
1251 1051 1596 1144 inoppidoCatana.
1650 1051 1742 1120 Vide
1764 1051 1957 1120 Pausaniae
1978 1049 2143 1139 paginam
2159 1047 2246 1119 272.

209 1165 243 1221 et
260 1152 447 1234 virtutem,
473 1163 602 1219 etcum
623 1163 716 1219 amet
732 1150 860 1233 studia,
885 1150 1035 1220 feliciter
1054 1150 1202 1242 prolicit.
1252 1154 1290 1222 in
1305 1179 1409 1224 versu
1426 1170 1613 1246 postremo.
1666 1153 1826 1224 Scribam
1850 1152 1936 1220 alias
1954 1153 2070 1242 plura.

207 1251 359 1345 Propter
381 1248 442 1321 has
458 1253 604 1321 virtutes
620 1247 710 1319 mihi
734 1252 888 1344 profecto
908 1265 979 1321 tam
998 1249 1125 1322 charus
1140 1265 1203 1336 est,
1301 1249 1306 1256 ’
1355 1256 1459 1326 Nunc
1491 1258 1554 1326 tibi
1583 1261 1792 1326 commendo
1816 1248 2035 1322 Martinam
2067 1244 2277 1343 Wagner

208 1360 318 1449 quam
333 1356 363 1424 si
388 1379 428 1422 ex
453 1379 509 1422 me
531 1367 635 1422 natus
654 1367 752 1423 esset.
804 1349 1031 1443 Omagnum
1047 1354 1115 1424 Dei
1137 1357 1203 1423 do·
1253 1362 1406 1452 probum
1431 1356 1634 1443 hominem,
1660 1361 1719 1427 sed
1738 1370 1930 1445 aegrotum.

207 1482 314 1538 num,
342 1453 473 1525 habere
490 1456 620 1525 liberos
635 1456 783 1524 idoneos
799 1457 843 1525 ad
859 1457 1044 1529 virtutem!
1082 1456 1203 1546 Quare
1353 1456 1518 1531 Luduici
1541 1453 1715 1530 Ciconiae
1742 1460 1860 1528 literas
1889 1458 2139 1528 insulsissimus
2160 1456 2257 1543 legi3,
2319 1533 2330 1551 Ι

208 1573 242 1630 te
258 1585 342 1644 oro,
368 1573 409 1630 ut
425 1559 676 1646 gratitudinem
691 1572 787 1628 tuam
804 1558 1018 1653 erga‘Deum
1037 1562 1203 1643 declares,
1253 1565 1408 1654 profecto
1431 1566 1468 1632 in
1492 1565 1659 1634 familiari
1683 1563 1881 1653 colloquio,
1908 1564 1990 1653 quia
2014 1562 2063 1628 sie
2086 1558 2170 1628 satis
2193 1559 2276 1626 fa-,

208 1675 243 1732 et
266 1662 371 1732 simul
395 1662 481 1729 velis
509 1662 705 1751 posteritati
733 1661 864 1730 civium
890 1664 1015 1731 utilem
1042 1666 1202 1745 educare,
1253 1669 1390 1736 cundus
1406 1681 1475 1751 est,
1502 1691 1687 1759 nunqnam
1705 1664 1939 1733 airrimadverti
1964 1676 2102 1734 tantum
2129 1658 2248 1728 stulti-

207 1789 247 1834 ac
264 1765 383 1834 mittas
399 1764 473 1832 filio
491 1759 607 1832 Isaac
624 1778 796 1853 sumptus.
857 1759 919 1834 Ait
935 1788 970 1834 se
986 1765 1058 1833 iam
1074 1765 1201 1834 debere
1252 1770 1320 1838 tiae
1349 1782 1382 1838 et
1404 1770 1657 1861 impudentiae.
1710 1765 1807 1834 Bene
1830 1767 1918 1837 vale.
1970 1762 2069 1844 Jsdic
2094 1760 2249 1834 17.N0-

207 1868 481 1937 decemaureos.
532 1865 571 1936 Si
592 1867 689 1935 illius
711 1865 915 1936 necessitate
939 1877 1013 1936 'non
1036 1868 1200 1945 moveris,
1254 1871 1442 1940 vernbris”.
1502 1869 1659 1939 Domino
1690 1868 1838 1938 Ductori
1877 1860 2104 1939 latncaslao
2133 1863 2247 1933 dicito

205 1993 368 2038 moveare
388 1992 466 2037 mea
485 1968 752 2052 intercessione,
773 1993 813 2036 ac
836 1965 926 2037 mihi
950 1971 1078 2041 mittas.
1128 1968 1201 2038 Nec
1251 1999 1308 2043 me
1325 1975 1438 2043 hlium
1456 1975 1633 2044 audivisse
1651 1988 1685 2043 et
1703 1972 1965 2042 commendasse
1982 1965 2222 2059 Hieronymo,

204 2084 377 2162 peterem,
400 2062 470 2139 nisi
485 2073 658 2159 frugalem
675 2094 747 2140 esse
764 2071 901 2156 scirem,
926 2073 1010 2141 nolo
1026 2074 1120 2140 enim
1138 2096 1199 2140 cu·
1762 2069 1950 2164 Philippus
1970 2066 2195 2141 Melanthum

204 2173 368 2266 iusquam
383 2173 623 2265 prodigalitati
647 2174 871 2266 patrocinari.
921 2173 1057 2244 Didicit
1071 2169 1198 2244 Arith·
1809 2165 1810 2168 ¹

204 2276 377 2361 metisca,
401 2290 435 2346 et
451 2300 547 2345 nuuc
566 2274 789 2346 Geometrica
804 2276 996 2366 adiungere
1013 2278 1128 2368 coepit
1142 2299 1198 2343 me
1250 2284 2245 2331 ..--.-„..---..-..„4·...„--..-.mmm...
2352 2360 2354 2364 ὗ

205 2374 433 2462 adhortante,
468 2402 555 2468 rogo
579 2379 708 2467 igitur,
733 2393 775 2447 ut
794 2379 911 2448 mittas
930 2381 961 2449 ei
979 2381 1114 2472 aliquid
1137 2401 1199 2471 pe·
2191 2434 2194 2438 .

205 2481 329 2549 cuniae
347 2483 392 2550 ad
409 2481 521 2549 libros
541 2482 728 2565 emendos,
754 2481 919 2552 videlicet
934 2477 1140 2565 Eucliden,
1165 2494 1199 2550 et
1248 2479 1315 2549 No.
1332 2472 1447 2549 3315.
1655 2508 1657 2515 v
2092 2472 2247 2542 22·Nor.

203 2578 371 2680 μεγάλην
400 2575 581 2680 Ισύνταξιν
613 2577 827 2655 Ptolemaei.
892 2583 951 2654 Sic
985 2586 1051 2655 tibi
1084 2584 1197 2653 lilium
1256 2573 1426 2602 w*
2069 2564 2240 2594 Μ

205 2687 435 2770 commendo,
462 2699 503 2755 ut
519 2699 635 2755 tecum
659 2711 777 2755 amore
795 2686 906 2776 ipsius
930 2701 1077 2771 certem,
1103 2686 1198 2780 quod
1593 2671 1894 2756 Academicis.

202 2810 278 2855 non
300 2789 469 2868 facerem,
503 2788 574 2856 nisi
596 2789 734 2856 indoles
758 2791 802 2857 ad
825 2788 995 2859 virtutem
1020 2802 1054 2859 et
1079 2789 1199 2858 literas
1319 2835 1423 2907 scripta
1435 2817 1511 2907 publ,
1526 2834 1559 2890 Τ.
1573 2836 1596 2890 l.
1609 2854 1635 2905 p.
1652 2832 1710 2887 140.
1730 2832 1875 2903 (Melanch.
1890 2839 1987 2885 auctor
2003 2838 2044 2884 esc
2061 2828 2178 2901 mimi.)

202 2889 332 2960 idonea
363 2890 555 2963 videretur.
607 2889 704 2959 Bene
727 2892 816 2961 vale.
867 2889 935 2961 Die
961 2893 1018 2966 16.
1043 2891 1199 2962 Novem-

135 2975 153 2993 ’
1247 2975 1386 3081 Rector
1403 2974 1624 3049 Academiae
1651 2972 1948 3072 Augustinus
1974 2967 2168 3072 Schurs,
2191 2968 2247 3049 D.

1249 3113 1306 3204 Ut
1321 3129 1499 3224 Propheta
1513 3129 1630 3201 Deum
1644 3141 1736 3199 orat:
1762 3126 1948 3211 Domine,
1962 3125 2000 3193 in
2020 3124 2072 3194 ira
2096 3137 2156 3194 tua
2176 3124 2247 3193 mi·
2318 3191 2326 3206 ,

1249 3237 1462 3306 sericordiae
1487 3233 1699 3303 recorderis:
1727 3232 1776 3299 ita
1796 3254 1862 3298 nos
1880 3248 2130 3317 agnoscamus,
2154 3227 2248 3296 cala·

1056 3361 1199 3432 17,N0,‚
1250 3340 1389 3409 mitates
1403 3334 1577 3407 humanas
1593 3359 1667 3403 non
1685 3358 1767 3402 casu
1783 3333 1955 3401 accidere:
1991 3328 2173 3420 Scriptum
2196 3342 2248 3399 est

1054 3455 1198 3529 ,m
1251 3443 1363 3510 enim:
1416 3438 1554 3511 Omnes
1583 3437 1703 3528 capilli
1729 3436 1852 3526 capitis
1873 3435 1925 3503 tui
1947 3431 2125 3501 numerati
2146 3444 2245 3501 sunt:

480 3589 482 3592 >
538 3550 582 3638 V
579 3619 590 3641 ‚
624 3554 860 3639 Theodoro,
1250 3545 1311 3613 sed
1328 3543 1573 3631 castigationes
1591 3564 1684 3623 esse,
1706 3539 1835 3631 quibus
1852 3539 1895 3605 ad
1911 3534 2166 3628 poenitentiam
2182 3557 2246 3602 vo-
2258 3594 2272 3607 ,

1250 3670 1388 3714 camur:
1416 3659 1450 3714 et
1465 3644 1671 3712 ardentibus
1688 3642 1780 3709 votis
1798 3662 1958 3721 oremus,
1981 3648 2022 3705 ut
2036 3635 2246 3723 mitigentur

271 3730 356 3802 ''3⁹³⁸''
369 3731 416 3785 Μ’·
433 3731 480 3784 Vl·
494 3751 521 3802 Ρ·
534 3731 586 3786 492
600 3753 640 3806 ⁸¹1·
660 3766 696 3777 “
732 3736 783 3790 ¹¹³⁶
795 3756 824 3789 ‘¹
838 3737 1005 3808 autographo
1020 3738 1047 3791 ³¹¹
1061 3740 1199 3793 ⁰⁰⁶·M0·
1250 3772 1403 3839 poenae,
1414 3759 1456 3814 ut
1472 3747 1542 3813 sint
1557 3743 1759 3834 superstites
1774 3742 1913 3832 aliquae
1930 3737 2126 3821 Ecclesiae,
2141 3730 2246 3805 scho-

306 3818 367 3855 Μ’
382 3801 402 3854 Ι’
417 3823 444 3873 p.
458 3804 518 3857 624.
1182 3907 1188 3915 .
1250 3851 1302 3918 lae
1319 3863 1353 3918 et
1368 3847 1532 3941 politiae,
1558 3847 1597 3914 in
1620 3846 1748 3937 quibus
1763 3842 1859 3913 Deus
1880 3841 2086 3915 celebretur.
2140 3834 2245 3906 Ideo-

247 3945 302 4020 D.
333 3946 445 4023 Vita
466 3946 732 4035 Theodoro,
771 3950 914 4025 docenti
935 3953 1085 4050 Evang.
1109 3955 1148 4025 in
1248 3964 1317 4044 qu'e
1340 3976 1420 4020 cum
1445 3950 1514 4018 iam
1538 3972 1664 4038 magna
1683 3971 1763 4039 pars
1780 3945 1904 4036 oppidi
1920 3934 2084 4013 Gotthac
2099 3939 2244 4032 perierit

538 4053 709 4127 Ecclesia
729 4053 864 4133 Norib.
1249 4053 1431 4122 incendio:
1465 4074 1734 4142 expavescamus
1757 4048 1966 4138 cogitatione
1991 4045 2063 4113 irae
2087 4041 2174 4126 Dei,
2209 4055 2244 4112 et

1248 4180 1312 4225 nos
1344 4156 1387 4224 ad
1413 4154 1688 4245 poenitentiam,
1718 4151 1927 4220 modestiam
1957 4161 1990 4216 et
2012 4148 2056 4214 ad
2078 4147 2243 4215 ardentes

1245 4257 1465 4348 precationes
1482 4257 1725 4325 exuscitemus.
1774 4251 1921 4322 Erimus
1945 4262 2062 4318 autem
2086 4270 2166 4336 erga
2182 4270 2241 4315 ca-

1245 4362 1425 4430 lamitosos
1441 4359 1552 4446 magis
1568 4357 1733 4435 officiosi,
1757 4355 1786 4422 si
1805 4379 1885 4423 vere
1904 4351 2151 4441 cogitabimus,
2174 4372 2241 4417 nos

1244 4487 1385 4558 quoque
1400 4485 1533 4553 poenas
1549 4461 1693 4528 meritos
1705 4482 1799 4543 esse,
1825 4455 1984 4526 etDeum
2000 4453 2090 4520 velle
2107 4452 2151 4519 iis
2169 4451 2240 4519 mi-

1243 4568 1353 4655 tigare
1372 4587 1523 4655 poenas,
1550 4563 1611 4654 qui
1629 4561 1780 4630 adflictis
1795 4584 1897 4650 opem
1922 4558 2061 4637 ferunt,
2088 4568 2128 4623 ut
2149 4553 2240 4621 dici·

1241 4683 1314 4739 tur:
1341 4665 1492 4751 Beatus,
1515 4667 1578 4759 qui
1604 4664 1771 4753 intelligit
1792 4686 1898 4753 super
1919 4682 2068 4746 egenum
2094 4669 2128 4726 et
2149 4679 2238 4747 pau-

1239 4795 1371 4861 perem.
1418 4766 1461 4837 lu
1476 4769 1533 4836 die
1549 4769 1641 4836 mala
1655 4766 1823 4835 liberabit
1841 4789 1920 4832 eum
1937 4759 2124 4829 Dominus.
2165 4757 2237 4828 lta-

1241 4897 1309 4964 que
1331 4868 1520 4941 Academia
1546 4872 1590 4937 de
1613 4870 1756 4961 publico
1785 4866 1955 4955 largietur
1977 4864 2235 4955 eleemosynam

1241 4969 1454 5053 Gotthanis,
1479 4989 1510 5044 et
1536 4968 1604 5040 hoe
1628 4972 1746 5042 triduo
1771 4970 1885 5038 varias
1910 4967 2147 5058 eleemosynas
2160 4962 2235 5031 col-

1239 5077 1371 5146 lectura
1396 5089 1458 5147 est.
1519 5072 1559 5143 ld
1583 5075 1724 5165 publice
1754 5068 1813 5141 hie
1837 5071 2072 5160 significatur,
2104 5079 2145 5135 ut
2170 5066 2234 5132 be-

1239 5178 1614 5268 nigniusconleratis,
1644 5178 1740 5268 quod
1770 5178 1881 5243 facere
1907 5166 1970 5240 vo‘s
2003 5168 2234 5239 iustissimum

1215 5295 1301 5356 est.
1362 5280 1456 5368 Quia
1478 5277 1574 5350 Deus
1596 5282 1675 5350 vult
1698 5302 1764 5347 nos
1786 5278 1890 5348 adfici
1911 5275 2033 5344 dolore
2057 5273 2095 5340 in
2117 5270 2233 5340 aliena

197 4165 244 4257 S·
270 4181 315 4255 D.
367 4183 456 4253 Heri
473 4201 569 4257 tuam
584 4185 784 4279 Epistulam
805 4193 940 4283 accepi,
967 4192 1005 4260 in
1022 4217 1092 4285 qua
1114 4218 1195 4262 nar-

197 4311 255 4356 ras
273 4302 306 4358 te
323 4288 498 4357 delectum
519 4314 611 4373 esse,
635 4307 677 4361 ut
697 4295 744 4361 sis
769 4308 888 4363 noster
903 4296 941 4362 in
957 4290 1194 4391 Colloquio*)

197 4391 242 4458 de
263 4390 424 4478 doctriua
440 4387 679 4461 Ecclesiarum
702 4396 919 4466 instituendo
942 4391 1191 4492 παραστάτης,

198 4516 266 4585 qua
282 4495 325 4562 de
342 4517 379 4560 re
396 4493 483 4562 scito
501 4507 534 4562 te
559 4496 603 4564 ab
621 4496 696 4586 ipso
714 4490 883 4566 bothero
908 4500 1083 4569 delectum
1107 4526 1191 4574 esse.

195 4593 266 4664 Sed
289 4595 393 4687 quale
409 4597 569 4692 futurum
592 4612 693 4689 putas
709 4596 940 4694 Colloquium
957 4602 995 4669 in
1014 4598 1081 4672 hoe
1099 4627 1189 4673 ‘cun-

193 4710 324 4781 ventu,
355 4701 398 4766 ad
424 4723 529 4790 quem
553 4725 666 4768 novae
689 4703 889 4772 animorum
914 4705 1190 4775 exulcerationes

193 4799 401 4868 adferentur
420 4815 565 4892 propter
579 4796 779 4897 Lycaonem
797 4807 963 4896 captum?
988 4832 1114 4897 magna
1132 4834 1189 4878 ar-

192 4901 309 4971 bitror
331 4904 374 4971 de
397 4903 475 4971 aliis
500 4907 605 4974 rebus
636 4909 827 4977 certamina
850 4911 945 4994 fore,
980 4934 1069 5002 quae
1093 4908 1207 4980 Deus*

193 5005 377 5093 gubernet.
430 5001 449 5075 ὁ
479 5002 677 5102 yvauiaroe
708 5010 839 5098 legatos
869 5035 990 5080 recens
1015 5013 1112 5081 misit
1143 5017 1186 5083 ad

191 5103 327 5175 Ducem
345 5102 598 5194 Mamicium,
621 5111 683 5202 qui
699 5127 885 5183 narrarent
902 5113 1096 5184 Turcicum
1112 5115 1186 5212 Ty-

191 5231 346 5277 rannum
381 5213 617 5279 adducturum
651 5215 809 5303 proxima
846 5229 973 5286 aestate
1009 5219 1187 5308 ingentem

192 5312 401 5397 exercitum,
426 5326 458 5381 et
476 5315 561 5404 petit
577 5317 782 5404 pecuniam,
802 5330 843 5388 ut
859 5320 957 5392 solet.

226 5560 257 5631 *l
275 5563 458 5622 Ratishonuae
476 5588 548 5624 anuo
568 5570 700 5641 proximo.
1043 5563 1055 5575 ’
1273 5575 1302 5646 ²⁸¹)
1322 5574 1429 5648 Spanb.
1446 5576 1600 5642 proxima,
1626 5595 1656 5628 ex
1675 5573 1783 5630 mendo.
