4882 6426
195 342 271 422 tas
777 335 1221 423 nerstonanntt
1270 337 1470 422 mnu.
1522 339 1718 459 ιω,
2165 346 2244 422 sot

96 557 105 561 -
195 541 281 613 pum
297 515 475 610 proiectus
490 510 608 612 θεῖ’),
633 539 673 588 ac
690 513 798 601 dixit,
823 539 860 587 se
878 541 959 588 rum
983 541 1025 588 eo
1048 515 1186 589 delibo·
1240 514 1532 588 commendamus
1554 511 1653 589 bunc
1675 512 1854 611 hospitem
1873 514 1984 591 bonis
1995 515 2083 589 viris
2102 520 2243 615 ubique

193 637 357 693 raturum
387 642 460 688 esse
484 620 529 689 de
556 619 677 690 multis
701 620 826 704 rebus,
860 619 898 688 in
921 619 1052 712 quibus
1082 620 1186 688 etiam
1240 619 1431 703 tuendum,
1458 617 1523 712 qui
1547 619 1666 692 sciunt
1685 621 1801 707 officia
1824 643 1907 712 erga
1927 616 2086 713 hospites
2106 637 2143 693 et
2157 621 2239 694 Deo

194 720 293 793 haud
319 721 429 792 dubie
449 720 703 813 complectetur
717 744 849 792 munus
864 719 1123 791 concionatoris
1147 718 1187 786 in
1239 732 1338 808 grata
1361 741 1454 805 esse,
1484 733 1521 793 et
1539 722 1692 792 maxime
1716 718 1906 792 hominum
1929 736 2080 792 naturae
2104 748 2240 794 eonve-

197 838 259 895 tua
279 822 437 897 ecelesia.
487 818 584 892 lllud
607 822 675 892 tibi
689 823 962 893 deliberandum
979 836 1014 893 et
1028 834 1187 892 statuen·
1239 820 1339 906 nire,
1352 832 1388 891 et
1403 820 1549 914 quidem
1564 846 1632 892 nor
1648 825 1742 915 ipsos
1756 824 1802 893 de
1813 837 1939 894 nostro
1954 823 2063 894 exilio
2073 850 2241 897 eommo-

196 927 284 996 dum
310 925 395 1008 erit,
420 946 467 992 au
491 923 764 1008 mensurantis,
789 921 916 995 siDux
936 922 1109 995 Saxoniae
1126 944 1187 1012 pe·
1231 919 1411 1020 „nefacere
1448 919 1623 1006 Venimus
1639 924 1737 995 enirn
1755 925 1795 992 iu
1808 919 1908 995 hune
1919 927 2096 996 mnndum
2115 923 2240 1022 hospi·-

189 1040 266 1112 tet,
297 1037 340 1097 ut
360 1046 515 1095 maneas.
572 1021 661 1114 Legi
683 1025 868 1116 epistolam
890 1022 1042 1096 Senatus
1070 1020 1188 1104 vestri,
1240 1034 1310 1108 tes,
1334 1035 1371 1094 rt
1383 1021 1702 1121 excipimnryariia
1717 1026 1918 1112 rerumnis3
1943 1029 2007 1097 red
2021 1027 2068 1099 ad
2083 1030 2239 1120 patriam

195 1131 263 1198 nee
284 1126 431 1212 dubito,
462 1125 553 1219 quin
571 1127 738 1218 princeps
758 1139 945 1198 curaturus
968 1125 1033 1210 sit,
1057 1139 1099 1197 ut
1120 1121 1189 1193 tibi
1240 1135 1276 1194 et
1298 1123 1531 1218 tranquillam
1549 1127 1687 1211 sedem,
1711 1127 1757 1197 ad
1768 1123 1822 1222 1·)
1843 1122 1982 1199 Christi
2005 1131 2240 1203 eonsuetudi-

197 1240 395 1320 exponatur
415 1249 479 1297 sua
499 1227 694 1312 sententia,
725 1251 808 1298 eum
831 1227 936 1308 sciet,
970 1239 1004 1296 te
1022 1225 1189 1296 Naobnr-
1240 1245 1324 1295 netu
1339 1223 1536 1303 tendimns.
1583 1223 1728 1318 Mitigat
1742 1242 1862 1297 autern
1879 1226 1979 1300 Deus
1994 1229 2101 1300 nohis
2123 1234 2239 1306 aaut

196 1353 281 1423 gum
303 1351 485 1400 reversum
506 1351 598 1412 etse3
633 1328 670 1397 id
685 1328 781 1397 enim
797 1342 879 1400 ante
892 1326 1051 1397 triduum
1072 1326 1189 1397 nesci·
1240 1320 1562 1418 bospitiiniteriat
1576 1328 1804 1414 clementius,
1829 1330 1861 1399 si
1882 1329 1952 1422 ipsi
1969 1325 2155 1426 hospitum
2170 1335 2240 1403 rni-

196 1431 261 1507 vir.
311 1427 410 1500 Bene
425 1428 516 1500 vale.
565 1426 634 1500 Die
650 1429 709 1504 11.
723 1425 876 1520 Augusti
892 1426 1002 1503 1544.
1037 1483 1040 1489 ,

1241 1427 1432 1498 serioordia
1454 1426 1674 1505 ndlieiarnur.
1722 1428 1837 1502 Datne
1855 1429 2067 1524 Vitehergae
2090 1436 2151 1506 die
2174 1433 2238 1512 Xl.

991 1528 1031 1604 P.
1049 1526 1137 1601 Mel.
1241 1524 1396 1620 Augusti
1409 1552 1505 1601 anno
1525 1526 1637 1608 1544.

1031 1907 1087 1965 11.
1104 1896 1184 1977 Aug.

1009 1986 1181 2017 m

195 1903 264 1977 No.
281 1902 395 1976 3011.

184 1997 374 2064 ’w

315 2092 318 2097 ’
404 2139 407 2143 ·
526 2081 859 2166 Testimonium.

262 2243 304 2298 lla
315 2239 483 2314 autographo
496 2249 517 2308 t.
546 2238 610 2293 edit.
623 2236 654 2291 in
666 2235 747 2291 Mart.
755 2236 872 2290 Lutlrerr
883 2231 973 2288 bislter
987 2230 1099 2313 ungedr.
1109 2231 1187 2284 Brie-

297 2310 348 2364 fen
368 2311 414 2365 ed.
433 2307 501 2367 aG.
570 2306 656 2358 uuio.
673 2303 736 2358 vot
751 2304 773 2359 1.
812 2303 900 2357 ‚stt
920 2320 949 2353 er
967 2301 1096 2355 Schiitaro
1116 2301 1186 2370 apud

297 2381 333 2432 de
345 2377 442 2432 wan
459 2377 488 2430 in
508 2373 585 2446 epist.
605 2370 717 2426 Lutlteri
729 2371 763 2426 Τ.
805 2410 814 2428 .
835 2390 863 2441 p.
877 2370 937 2424 677.
955 2368 999 2424 eui
1010 2367 1114 2423 clariss.
1128 2373 1186 2422 No·

295 2448 389 2512 pituli
408 2444 540 2501 lectiones
560 2439 709 2561 'Possnlthj
727 2439 869 2494 cuiusdam
888 2437 1025 2491 dedit-
1061 2437 1188 2508 Apogra·

293 2515 348 2586 pha
361 2515 529 2567 ecmannus
548 2508 578 2564 in
592 2510 655 2565 eod.
707 2526 732 2562 r.
746 2506 780 2561 ll.
792 2526 820 2579 p.
834 2505 893 2559 811.
905 2515 932 2559 et
946 2504 1134 2586 ond3Monae.
1146 2508 1189 2561 83.

301 2600 349 2637 ιο.
362 2581 410 2635 Ν.
425 2601 451 2654 p.
466 2581 526 2636 tto.
543 2602 579 2615 -·
612 2575 774 2630 Melanthon
787 2583 951 2634 auctorest,
968 2590 1014 2630 our
1033 2575 1114 2628 etiarn
1136 2580 1188 2629 tri·

298 2651 395 2704 buitta·
407 2650 436 2702 in
446 2647 512 2704 und.
528 2646 596 2706 lire.
607 2655 635 2700 et
644 2643 710 2701 nod.
720 2643 836 2698 Monac.

211 2788 413 2866 Martinus
435 2781 686 2904 lantherus-et
711 2777 914 2958 ΡΙιίΙῲβαε
944 2778 1176 2858 Melanthon

460 2884 683 2993 Lectum
705 2880 752 2962 G.
774 2897 806 2958 et
857 2885 915 2980 .¹)
955 2906 961 2911 ·

198 3012 319 3107 Venit
339 3027 378 3097 in
393 3022 622 3098 Acade-iam
644 3038 803 3097 nostram
822 3019 883 3094 hie
898 3021 1107 3095 Pannonius
1123 3018 1191 3094 ho-

195 3155 279 3227 spes
312 3121 629 3199 Bartholomaeus
668 3118 945 3222 Georgieeitz')
984 3127 1191 3218 peregrinus

198 3230 564 3325 Hierosolymitanus,
595 3227 658 3322 qui
686 3238 829 3309 narrat,
861 3249 897 3295 se
918 3238 1059 3318 captum
1075 3250 1191 3297 ossea

201 3332 331 3408 ancis
353 3333 392 3401 in
412 3330 570 3425 proelio,
603 3330 641 3398 in
665 3353 736 3422 quo
758 3352 819 3398 rex
838 3321 1051 3398 Ludovicus
1066 3329 1194 3421 iperiit,

197 3461 241 3509 ac
256 3447 377 3529 postea
392 3429 706 3523 Constantinopoli
727 3443 859 3522 septem
874 3451 1007 3515 anuos,
1031 3443 1066 3500 et
1089 3432 1191 3500 dein-

200 3531 329 3631 ceps')
346 3537 387 3606 in
400 3533 487 3605 Atia
504 3554 561 3604 sex
576 3555 690 3609 annos
701 3530 873 3607 serviisse.
924 3529 977 3602 lta
998 3544 1115 3603 autem
1137 3533 1192 3602 lo-

200 3661 325 3711 corum
348 3635 603 3728 appellationes
624 3646 659 3702 et
676 3645 820 3703 naturas
840 3631 1026 3723 regionum
1049 3648 1085 3704 et
1105 3657 1192 3724 gen-

200 3734 359 3831 tium⁴)‚
379 3752 414 3806 et
434 3757 550 3806 mures
565 3730 689 3828 cum‘)
705 3734 876 3804 Turcieae
900 3734 1016 3822 gentis
1030 3748 1105 3804 tum
1120 3732 1192 3804 Ar-

199 3839 404 3910 meniorum
424 3849 459 3906 et
483 3834 704 3906 Graecorum
727 3836 863 3904 erudite
890 3837 1032 3920 recitat,
1063 3851 1190 3908 ettam

94 4000 106 4011 .
201 3953 437 4012 consentaneo
456 3937 525 4007 fide
540 3936 657 4026 dignis
681 3930 840 4004 historiis
856 3951 993 4022 narrat,
1017 3950 1058 4006 ut
1071 3939 1190 4010 virum

199 4037 390 4112 honestum
414 4062 507 4122 esse,
542 4051 577 4108 et
599 4033 758 4107 honestis
775 4038 819 4106 de
839 4039 952 4106 causis
973 4040 1191 4131 peregrinari

201 4135 331 4238 eum')
365 4140 614 4212 existimemus.
663 4137 766 4208 t‘uit
798 4138 903 4207 nobis
942 4140 1191 4228 gratissimum,

202 4245 300 4339 quod
324 4238 478 4337 dirit²),
503 4239 543 4310 in
558 4236 741 4310 Armeniis
765 4241 808 4310 ad
832 4235 1040 4337 ecelesias⁸)
1054 4237 1192 4314 Christi

198 4361 236 4418 et
257 4343 375 4416 studia
397 4341 580 4414 doctrinae
603 4334 815 4412 christianae
837 4337 1022 4436 florere⁹).
1072 4341 1191 4437 Quare

231 4657 263 4725 ¹⁸¹)
278 4654 340 4708 Vid.
356 4649 471 4706 Lutltrri
480 4647 564 4721 epist.
576 4648 611 4703 rd
625 4646 765 4702 Amsdort
777 4647 804 4703 d.
819 4646 845 4701 7.
859 4647 930 4722 Aug.

235 4742 263 4808 1)
281 4737 329 4795 ste
340 4737 411 4809 rpud
424 4733 538 4790 setun.
714 4748 716 4753 ’

231 4826 260 4894 2)
280 4818 444 4878 sictritii
483 4857 490 4872 .
527 4816 583 4873 Sed
598 4818 660 4872 rod.
672 4810 735 4872 Bar.
752 4816 924 4888 Gemuere,
941 4818 1049 4877 setun,
1064 4822 1190 4895 ampo.

266 4894 338 4959 υἱέε,
358 4890 421 4945 eod.
468 4906 513 4941 ou.
532 4887 681 4953 Geminas.
1146 4947 1148 4950 .

226 4975 259 5046 8)
275 4974 508 5040 &intimorum

230 5062 260 5132 4}
279 5070 307 5115 et
318 5058 444 5129 gentium
461 5073 519 5110 nou
529 5052 611 5109 tabee
622 5050 732 5108 setun.

231 5147 259 5211 5)
278 5144 344 5199 Mat.
359 5141 429 5212 Nop.
444 5149 514 5195 tum.

229 5235 259 5298 6)
279 5229 348 5286 Cod.
363 5228 427 5281 nav.
447 5229 536 5280 Wum.

229 5319 258 5389 7)
277 5317 352 5370 dixit
364 5313 439 5367 diest
451 5330 465 5366 a
479 5318 541 5363 rost.
553 5306 626 5380 Nep.

230 5402 259 5469 8)
279 5396 388 5454 seluta.
404 5393 561 5447 ecetesiam.

228 5486 260 5555 9)
278 5481 344 5536 Met.
357 5479 428 5549 Nop.
435 5474 543 5544 llorere
556 5477 729 5529 audivimus.-

1795 1631 1978 1705 Martiuus
1991 1629 2135 1708 Inther
2144 1634 2193 1708 D.

1778 1729 1968 1827 Philippus
1983 1733 2203 1809 Melanthon

1714 1891 1721 1905 .
1830 1861 1942 1908 manu
1955 1838 2170 1936 proprir¹¹).

1251 2192 1448 2271 Natott.

1244 2290 1455 2327 Μ

1573 2379 1659 2484 Eu.
1689 2379 1905 2473 Mascula.

1305 2516 1527 2597 ruerunt..
1545 2537 2065 2612 intremuerunt-manau
2130 2545 2239 2603 uena.

1343 2605 1450 2690 piique
1466 2624 1498 2664 α
1519 2607 1603 2664 'lade
1622 2609 1722 2678 quibus
1739 2611 1769 2664 in
1779 2609 2027 2669 Basiltlerdenrir
2043 2617 2082 2695 1ι
2138 2613 2238 2696 disput.

1341 2682 1482 2731 institutos
1557 2694 1582 2731 e.
1602 2674 1659 2734 Η
1893 2679 2014 2752 prrplton
2028 2680 2131 2753 legetur
2143 2687 2240 2743 mend

1660 2678 1680 2733 t.
1713 2677 1792 2734 Aes.
1828 2680 1853 2734 Α

1341 2742 1611 2937 {fait
1629 2695 1784 2887 eslii]
1801 2699 2238 2890 .111......·;.··.*ῖ’.ἐ

1242 3008 1469 3089 Clarissimo
1489 3010 1586 3097 viro,
1612 3012 1860 3091 eruditiones!
1876 3017 2006 3092 virtute
2056 3028 2241 3099 mutanti

1242 3116 1296 3191 D.
1313 3108 1555 3211 Eutychio
1576 3112 1633 3188 M
1639 3118 1822 3203 osculo,
1846 3120 1906 3218 pie
1927 3131 1959 3192 et
1972 3117 2012 3215 fi
2039 3123 2146 3198 diter
2172 3125 2237 3201 do-

1301 3216 1395 3291 senti
1424 3211 1653 3314 evangelium
1687 3220 1727 3289 in
1762 3219 1911 3295 ecelesia
1935 3218 2183 3320 Augustam,

1620 3345 1742 3393 amico
1764 3347 1852 3409 suo,

2084 2209 2239 2327 ¹325&

1243 3431 1285 3527 S.
1307 3451 1354 3531 1).
1410 3452 1495 3546 Quo
1518 3456 1578 3526 die
1604 3470 1703 3528 tuam
1725 3460 2071 3558 epistolam-accepi,
2098 3466 2141 3536 in
2167 3495 2237 3563 qua

1242 3555 1436 3646 significas,
1462 3571 1621 3628 senatum
1639 3574 1796 3630 vestrum
1812 3562 1972 3650 iussisse,
1993 3581 2031 3636 ut
2046 3569 2091 3637 de
2109 3570 2236 3642 futuro

1243 3670 1419 3729 conventu
1434 3659 1655 3746 deliberetis,
1677 3685 1720 3731 eo
1736 3662 1813 3754 ipso
1829 3667 1887 3734 die
1900 3681 2020 3739 nostra
2036 3668 2119 3740 aula
2134 3674 2235 3744 nobie

1243 3755 1373 3829 similia
1389 3761 1555 3832 mandate
1573 3763 1682 3832 dedit.
1719 3761 1916 3864 Miratus¹)
1930 3792 2009 3839 sum
2023 3769 2065 3840 in
2077 3794 2118 3842 re
2141 3787 2233 3846 tanta

1242 3860 1464 3949 tarditatem,
1487 3863 1554 3935 etsi
1569 3864 1680 3953 magis
1693 3865 1825 3952 miror,
1851 3875 1916 3940 iur
1933 3894 2031 3961 spem
2048 3875 2231 3946 ostendant

1243 3948 1385 4032 Corolo
1401 3959 1628 4056 imperatori,
1641 3988 1679 4036 se
1696 3966 1834 4061 aliquid
1852 3985 2051 4046 mutaturos
2068 3999 2157 4053 erse.
2189 3973 2229 4047 n

1242 4077 1382 4149 tamen,
1406 4063 1439 4135 si
1459 4088 1525 4136 nos
1543 4065 1672 4162 κη’)
1694 4093 1987 4160 congereremus,
2008 4069 2079 4148 lm
2099 4078 2227 4150 delibe-

1242 4164 1399 4235 rationes
1424 4165 1561 4261 iliquid
1587 4168 1727 4238 adferre
1756 4172 1921 4246 utilitatis
1950 4176 2030 4246 orbi
2057 4190 2224 4250 tenerum

1243 4278 1397 4360 possent.
1452 4265 1558 4338 Nunc
1581 4268 1772 4342 domestica
1795 4274 1887 4346 bella
1907 4299 2000 4348 nova
2022 4278 2094 4354 ciet
2115 4298 2224 4354 noster
2275 4348 2277 4365 ,

1243 4363 1453 4466 Pericles⁸).
1505 4369 1625 4441 Touat
1647 4373 1815 4444 adversus
1838 4401 1917 4462 eos,
1947 4379 2011 4472 qui
2032 4378 2120 4479 περὶ
2139 4404 2224 4474 nvp·

1243 4461 1370 4563 βόλων
1400 4461 1572 4563 σώματος
1599 4467 1664 4544 καὶ
1695 4472 1851 4568 αἱζιιατος
1867 4485 2028 4575 χριστοῦ
2056 4485 2159 4556 aliter
2179 4487 2222 4554 lo-

1244 4582 1423 4663 quuntur,
1445 4595 1554 4690 onam
1576 4573 1651 4664 ipse
1673 4575 1852 4669 loquitur,
1875 4605 1915 4651 ae
1937 4607 1994 4652 me
2015 4609 2157 4681 quoque
2174 4589 2222 4655 in·

1243 4672 1385 4742 terdurn
1408 4672 1544 4764 arripit.
1605 4671 1730 4771 ltaque
1753 4681 1797 4749 de
1820 4705 1876 4750 rue
1899 4684 1986 4776 quid
2010 4686 2058 4759 sit
2075 4687 2220 4759 futurum

1243 4772 1373 4843 neseio.
1423 4771 1597 4846 Fortassis
1621 4776 1660 4846 in
1686 4774 1752 4849 ltac
1775 4796 1912 4854 senecta
1929 4785 2030 4857 brevi
2046 4784 2137 4859 mihi
2150 4813 2218 4862 eru·

1243 4874 1390 4944 laudum
1414 4875 1492 4950 erit.
1548 4872 1626 4967 Ego
1658 4901 1724 4950 nec
1749 4883 1890 4974 defugio
1913 4910 2102 4961 aerumnas
2127 4893 2156 4964 ei
2176 4885 2220 4963 δεῖ

1245 5057 1432 5081 ο--ι-η

1279 5157 1322 5222 10)
1340 5155 1406 5212 Mst.
1417 5155 1489 5230 Nep.
1504 5169 1540 5215 et.

1277 5242 1321 5306 11)
1340 5238 1458 5294 Nomine
1471 5243 1620 5316 subscripta
1634 5253 1738 5302 tantum
1751 5249 1828 5306 habet
1843 5253 1905 5318 cod,
1922 5253 1990 5309 Bar.

1276 5325 1304 5392 1)
1324 5323 1411 5396 Gryn.
1424 5337 1569 5394 moratus,
1588 5331 1727 5389 mendose.
1898 5324 1903 5344 ’ἵ

1275 5408 1303 5478 1)
1323 5408 1494 5481 Grynscre.

1275 5493 1303 5564 8)
1321 5496 1337 5549 i.
1352 5514 1374 5553 e.
1395 5495 1537 5553 Luthernr.
1664 5527 1667 5533 =
