4882 6426
195 302 270 379 cor
584 265 586 268 ’
769 290 1208 377 umscouaaun
1246 294 1371 372 aiu.
1404 294 1468 372 ur.
1521 292 1656 375 1645.
1701 370 1721 416 y.
2161 297 2243 372 soe

674 465 725 539 B·‘
760 517 762 521 ·
1243 466 1341 539 misit
1369 481 1404 538 et
1433 463 1615 556 exhibuit,
1647 469 1785 563 fuitque
1812 465 1970 540 Ecclesia
1998 467 2065 541 Dei
2095 493 2239 562 semper

330 603 463 681 Versio
485 599 609 673 laum,
631 624 656 670 a
670 594 923 671 Melanthom
939 599 1065 700 sm·
1244 582 1400 641 extructa
1417 594 1522 662 super
1536 573 1649 641 filium
1664 570 1751 656 Dei,
1775 567 1971 642 Dominum
1995 587 2158 642 nostrum
2174 570 2237 642 Ie·

129 758 139 768 ,
382 736 389 751 .
517 743 526 760 ,
776 740 784 758 ,
928 735 936 767 ,
1158 736 1168 754 ‚
1243 694 1321 746 sum
1335 667 1518 790 Christum
1536 686 1570 742 et
1590 669 1779 765 superhoc
1802 674 1918 792 ipsum
1942 677 2113 792 rochum,
2138 676 2235 767 quod

200 733 304 826 vera
327 760 362 817 εἴ
384 745 545 814 ⁵⁸¹⁰¹³¹¹⁵
568 738 808 836 (ῙΜΟΠῘ13110
833 738 912 832 ⁸²⁰)
938 736 954 832 l
981 739 1191 828 gubematm
1243 796 1307 864 per
1342 774 1456 843 fihum
1492 776 1684 845 revelatum
1721 787 1790 858 est,
1831 787 1923 845 sicut
1957 790 2129 868 seriptum
2166 789 2241 862 est,

103 942 106 947 -
198 842 783 966 E⁰⁰l²⁸i³i.cl¹ri⁸fipraecipuein
799 836 1192 937 hisquinq⁰⁰²lme¹⁰'
1246 873 1417 948 1Cor.3.
1444 869 1746 945 Fundamentum
1770 870 1882 945 alind
1900 899 2003 945 nemo
2021 886 2144 976 potest
2196 901 2241 947 o-

200 958 275 1029 b¹i⁵
292 962 469 1066 ⁶⁰⁰5¹⁸l¹²²
527 1046 535 1065 ‚
869 1034 873 1055 .
975 1041 982 1058 ,
1244 998 1343 1061 nere,
1371 986 1520 1075 praeter
1543 974 1640 1072 id⁴),
1666 973 1768 1075 qnod
1781 976 1946 1077 positum
1970 989 2041 1064 est,
2068 902 2193 1078 qnos
2186 987 2240 1049 est

301 1048 492 1166 P'²m¹‘'',²’
519 1073 559 1118 ἠ
583 1070 666 1117 ⁹⁶7⁶
688 1053 720 1115 ά
739 1068 837 1162 ΡΨ
864 1038 1053 1161 dwl'fm’
1080 1065 1195 1159 quam,
1244 1075 1352 1148 Iesus
1384 1071 1572 1153 Christus.
1637 1079 1686 1151 Et
1704 1076 1848 1170 'Ephes
1870 1084 1905 1155 2.
1934 1078 2043 1151 Estis
2076 1080 2239 1151 concives

200 1150 504 1231 DeasEaclesiae
519 1171 608 1219 snae
620 1146 813 1247 patefecit,
832 1140 1055 1231 crediditis
1073 1139 1193 1214 docere
1243 1187 1472 1263 sanctorum,
1508 1191 1539 1251 d
1572 1177 1760 1251 domestici
1782 1177 1877 1266 Dei,
1909 1178 2100 1276 aedificati
2127 1208 2241 1282 super

199 1253 405 1332 manmit·
520 1353 528 1370 ,
638 1349 675 1368 ,,
1227 1266 1529 1380 'fundamentum
1554 1281 1815 1382 Apostolorum
1846 1285 1914 1364 †et
1930 1279 2239 1406 prophetarum',

303 1350 552 1474 S‘⁶“','d⁰’,m
570 1346 1171 1470 l²g²l¹m⁰f¹wS⁰,⁶'f¹m⁸f',¹⁰',¹¹m·
1244 1382 1419 1453 existente
1440 1380 1568 1484 lapide
1590 1381 1774 1479 angulari
1796 1381 1884 1455 Iesa
1905 1379 2076 1470 Christo,
2109 1387 2240 1486 inquo

303 1457 449 1543 ΤΗΝ
482 1482 522 1526 ”²
547 1462 818 1574 “lm‘'va'wn‘
839 1461 1038 1522 'mmmm
1060 1447 1193 1571 istan·
1245 1494 1359 1555 totnm
1391 1482 1598 1580 aedificium
1627 1482 1920 1580 coagmentatum
1948 1494 2089 1571 erescit,
2125 1499 2165 1559 at
2190 1489 2238 1560 sit

198 1562 326 1665 getici,
352 1571 382 1630 et
398 1554 622 1630 obedientiae
638 1579 726 1649 ergo
743 1564 910 1651 pastores
926 1551 1194 1635 Eccleseornm,
1243 1595 1412 1656 mmmm
1439 1587 1614 1688 ,emplum
1639 1612 1708 1689 per
1734 1584 1944 1674 dominum,
1972 1617 2040 1690 W
2069 1616 2179 1690 quem
2209 1599 2240 1661 a

198 1671 292 1741 situl
313 1661 419 1735 Deus
444 1659 530 1779 vulf,
544 1669 575 1729 ⁶²
597 1653 765 1756 P⁰5u¹l⁰²
788 1657 1000 1776 ,mmmm
1026 1652 1192 1774 minfS'e‘
1246 1712 1306 1758 vos
1323 1713 1399 1758 una
1414 1687 1603 1784 aedificati
1617 1693 1715 1771 estis,
1732 1700 1770 1760 nt
1786 1691 1870 1760 sitis
1886 1685 2164 1764 hahitatioDei
2172 1717 2240 1793 per

201 1771 297 1842 rium
320 1762 547 1858 Evangelii,
581 1771 612 1831 et
634 1768 754 1831 servat
779 1782 855 1856 epse
881 1784 952 1829 sua
972 1767 1137 1857 potentia
1161 1764 1192 1826 et
1245 1787 1433 1890 Spiritum.
1445 1803 1625 1864 melum·

198 1866 422 1972 Prummu·
1345 1892 1402 1964 Ex
1427 1891 1482 1971 his
1505 1911 1539 1966 et
1561 1897 1738 1968 similibus
1768 1899 1891 1969 multis
1913 1899 2126 1969 testimoniis
2154 1923 2241 1970 con-

1245 1996 1471 2086 gruentibus,
1495 2000 1723 2070 manifestum
1746 2015 1812 2085 est,
1844 2002 1959 2070 solum
1986 2027 2067 2070 eum
2100 2016 2241 2071 coetum

1246 2121 1319 2167 esse
1332 2095 1526 2169 Ecclesiam
1544 2114 1578 2170 et
1597 2102 1770 2193 populum
1787 2101 1872 2187 Dei,
1899 2103 1961 2196 qui
1977 2105 2180 2174 doctrinam
2198 2105 2243 2172 de

1145 2261 1153 2280 ,
1246 2198 1322 2268 Deo
1344 2201 1511 2272 traditam
1532 2226 1597 2293 per
1620 2199 1832 2295 Prophetas,
1856 2200 2058 2290 Christum,
2084 2219 2119 2276 et
2142 2203 2242 2297 Apo-

302 2274 463 2374 Quinto,
488 2271 527 2341 in
546 2265 806 2387 conservandis
818 2266 1195 2339 stadiisneeessareae
1246 2302 1372 2386 810108,
1407 2305 1552 2391 docent,
1584 2305 1745 2390 discunt,
1774 2307 2054 2398 amplectuntur,
2085 2320 2120 2377 et
2159 2331 2243 2399 pm,

176 2412 179 2416 ⁸
202 2378 390 2454 doctrinae
407 2384 438 2444 et
453 2369 603 2445 scholis.
1246 2404 1402 2477 figentur,

303 2478 436 2562 seme
462 2471 527 2592 Ad,
545 2471 634 2544 '²⁶⁶⁶
654 2497 746 2572 (ΨΜ
767 2481 818 2542 ωί
837 2469 1048 2572 ᾰψωίοηθ
1069 2491 1196 2584 ⁶⁰'P‘ff'
1348 2505 1398 2576 Et
1421 2507 1576 2599 primum
1596 2534 1635 2579 ac
1662 2533 1841 2581 summum
1863 2513 2071 2581 mandatum
2086 2508 2158 2580 Dei
2182 2526 2243 2596 est,

204 2583 283 2657 ΜΗ
297 2575 612 2695 “s‘'‘ulmnif‘s’
639 2571 695 2645 “d
711 2599 911 2674 P⁶f⁸⁰m¹⁸³
937 2596 1032 2673 ΨΜ
1050 2580 1137 2640 ⁸⁹⁰¹
1156 2594 1196 2638 ἠ
1249 2602 1560 2681 hanc'doctrinam
1577 2613 1741 2682 etlilium
1761 2609 1830 2683 Dei
1849 2614 1990 2698 audire,
2015 2614 2100 2685 etei
2123 2638 2244 2685 assen-

202 2683 340 2790 osfict't’s
357 2704 592 2767 mmmm,
618 2671 789 2770 alenda&
1196 2712 1198 2717 ’
1249 2709 1329 2794 tiri,
1371 2723 1405 2781 et
1438 2711 1639 2783 doctrinam
1672 2715 1824 2794 retinere
1855 2715 2121 2807 incorruptam,
2157 2719 2245 2788 sicut

1249 2826 1413 2882 aeternus
1433 2828 1534 2904 pater
1557 2816 1600 2885 de
1617 2817 1715 2886 coelo
1730 2817 1907 2902 clamans,
1933 2818 2067 2910 inquit:
2094 2815 2173 2888 Hic
2196 2827 2245 2889 est

849 3003 852 3007 Ι
1237 2908 1352 3005 filias
1376 2936 1474 2984 meas
1498 2910 1671 3003 dilectas,
1695 2940 1768 3014 qno
1789 2913 1959 2999 delector,
1985 2912 2086 2988 huna
2106 2916 2245 2995 audite.

304 3023 402 3097 Deus
420 3021 581 3092 condidit
604 3041 714 3109 genus
730 3011 928 3085 humanum
950 3013 1137 3106 praecipue
1153 3011 1197 3080 ad
1248 3014 1297 3085 Et
1330 3016 1421 3086 sicut
1453 3017 1581 3087 Psalm.
1607 3021 1644 3093 2.
1678 3020 1938 3110 scriptumest.
2002 3013 2245 3092 Osculamini

203 3128 273 3201 hoc
294 3150 473 3198 summum
492 3145 599 3214 opus,
625 3134 660 3190 et
680 3121 723 3188 ad
748 3113 844 3187 hunc
868 3118 996 3200 finem,
1021 3128 1062 3185 nt
1080 3114 1196 3204 ipsum
1238 3112 1393 3210 filiam,
1423 3113 1492 3200 lid
1520 3133 1571 3189 est
1597 3120 1853 3212 amplectimini
1864 3122 1880 3148 '¹
1907 3145 1991 3192 vera
2009 3116 2092 3214 fide
2113 3133 2147 3195 et
2169 3122 2245 3195 lae

203 3242 387 3323 agnoscat,
412 3229 570 3308 invocet,
593 3235 627 3291 et
649 3222 686 3290 iu
710 3234 782 3290 tota
805 3217 1010 3289 aeternitate
1035 3216 1198 3285 celebret.
1250 3218 1335 3287 titia
1370 3214 1490 3288 cordis
1526 3216 1653 3291 audite
1687 3245 1786 3305 eum,
1830 3232 1863 3294 et
1897 3222 2139 3297 assentimini
2170 3227 2244 3297 eins

205 3333 328 3424 Quare
352 3342 386 3398 et
407 3340 489 3398 ante
512 3325 651 3416 lapsum
673 3319 793 3403 Adae,
820 3333 854 3387 et
874 3330 1013 3410 postea,
1040 3317 1145 3386 certis
1164 3329 1199 3385 et
1251 3317 1431 3393 doctrina.
1774 3335 1776 3338 ’

203 3431 401 3508 manifestis
424 3425 637 3500 testimoniis
656 3446 698 3491 se
724 3418 933 3491 hominibus
956 3419 1139 3510 patefecit,
1166 3431 1199 3485 et
1352 3423 1424 3511 Qui
1443 3422 1553 3512 igitur
1568 3425 1682 3494 filium
1698 3423 1767 3497 Dei
1785 3424 1900 3498 lesum
1915 3423 2098 3500 Christum
2117 3431 2246 3502 nolunt

203 3535 418 3631 peculiarem
436 3526 634 3598 doctrinam
651 3538 685 3594 et
701 3524 849 3592 verbum
865 3522 1021 3601 tradidit,
1043 3522 1086 3589 ad
1102 3520 1197 3614 quod
1251 3527 1394 3609 audire,
1419 3528 1479 3594 sed
1496 3523 1731 3617 Evangelium
1746 3543 1996 3615 contemnunt,
2022 3545 2084 3601 aut
2105 3547 2246 3623 negant,

206 3636 365 3726 alligavit
390 3656 488 3702 suam
515 3626 728 3710 Ecclesiam,
762 3626 810 3694 ita
845 3638 885 3693 ut
917 3624 972 3691 illi
1006 3634 1101 3691 certo
1128 3621 1200 3690 sint
1251 3644 1311 3699 aut
1331 3643 1593 3720 persequuntur
1608 3631 1807 3719 integrum,
1835 3645 1895 3703 aut
1916 3633 2084 3702 articulos
2109 3636 2246 3728 aliquos

206 3737 365 3811 Ecclesia
382 3748 416 3805 et
431 3731 586 3826 populus
599 3728 695 3812 Dei,
709 3726 772 3820 qui
785 3726 934 3797 verbum
950 3736 985 3792 et
1000 3724 1198 3816 doctrinam
1251 3726 1451 3818 Evangelii,
1477 3723 1515 3796 hi
1533 3753 1606 3798 non
1621 3746 1769 3822 possunt
1784 3756 1857 3802 esse
1870 3730 2028 3804 Ecclesia
2043 3750 2078 3806 et
2091 3738 2245 3828 populus

208 3841 353 3931 abipso
376 3835 541 3906 traditam
569 3834 717 3913 docent,
743 3828 901 3911 discunt,
927 3827 1201 3917 amplectuutur,
1250 3829 1330 3904 Dei.
1381 3827 1479 3899 Haec
1494 3832 1679 3902 manifesta
1696 3847 1803 3905 sunt·

208 3957 243 4014 et
264 3940 485 4034 profitentur.
539 3934 612 4004 Nec
633 3932 700 4002 ulli
715 3930 776 3998 alii
800 3944 883 3999 sunt
899 3925 1057 3997 Ecclesia
1080 3942 1114 3996 et
1135 3951 1201 4019 po·
1353 3930 1516 4001 Primum
1538 3932 1647 4023 igitur
1670 3948 1704 4005 et
1725 3952 1807 4009 ante
1826 3937 1946 4006 omnia
1966 3959 2110 4008 neccsse
2135 3954 2187 4011 est
2208 3938 2246 4008 in

208 4046 315 4138 putus
329 4039 417 4124 Dei,
442 4038 504 4132 qui
525 4037 675 4105 verbum
692 4033 782 4101 illud
806 4045 962 4101 autnon
987 4025 1120 4098 hahent
1140 4041 1202 4098 aut
1253 4030 1409 4104 Ecclesia
1433 4032 1502 4103 Dei
1526 4035 1661 4125 integre
1687 4051 1721 4108 et
1748 4062 1840 4143 pigre
1859 4040 1979 4109 doceri
1998 4053 2033 4110 et
2058 4041 2248 4133 propagari

208 4155 480 4241 persequuntur,
1252 4133 1505 4226 Evangelium,
1531 4137 1621 4207 sicut
1635 4135 1732 4209 Deus
1749 4164 1852 4231 saepe
1867 4144 2064 4233 praecepit,
2092 4157 2128 4213 et
2142 4140 2248 4214 Chri-

313 4245 366 4316 Ac
380 4258 460 4336 post
479 4242 617 4332 lapsum
635 4229 753 4315 Adae,
772 4233 945 4324 singulari
968 4231 1202 4325 promissione
1254 4252 1327 4308 stus
1343 4238 1416 4329 ipse
1432 4238 1521 4310 dixit
1537 4235 1663 4314 lohan.
1683 4240 1741 4316 14.
1767 4238 1911 4340 Siquis
1930 4237 2060 4339 diligit
2073 4268 2149 4328 me,
2173 4268 2249 4316 ser-

211 4348 310 4443 sie³)
335 4349 445 4430 edita,
469 4367 504 4412 se
519 4337 681 4434 patefecit
694 4334 807 4407 Deus:
835 4337 995 4428 promisit
1015 4359 1051 4403 se
1075 4336 1203 4403 missu·
1254 4363 1394 4410 monem
1422 4362 1539 4409 meum
1568 4341 1746 4424 servabit,
1781 4352 1812 4412 et
1843 4352 1954 4444 pater
1980 4370 2080 4415 meus
2118 4343 2248 4443 diliget

211 4479 292 4525 rum
312 4452 426 4520 tilium
444 4468 566 4527 suum,
592 4456 626 4510 et
642 4462 705 4530 per
728 4434 843 4523 hunc,
871 4454 904 4509 et
929 4451 1074 4528 propter
1096 4431 1204 4518 hune,
1256 4466 1353 4526 erem,
1378 4449 1409 4510 et
1433 4435 1489 4510 ad
1505 4466 1584 4512 enm
1609 4442 1807 4527 veniemus,
1834 4457 1866 4516 et
1890 4447 2121 4519 mansionem
2145 4446 2252 4550 apud

211 4561 377 4626 daturum
397 4548 641 4619 remissionem
658 4553 899 4632 peccatorum,
923 4554 956 4608 et
973 4539 1105 4608 abolito
1122 4563 1204 4630 pec·
1257 4567 1335 4614 eam
1349 4540 1549 4641 sociemus.

212 4673 307 4736 cato,
337 4669 371 4724 et
394 4651 525 4721 abolita
555 4657 688 4728 morte,
722 4642 945 4712 redditurum
973 4640 1145 4710 iustitiam
1171 4652 1206 4709 et
1359 4645 1414 4716 Sit
1437 4646 1545 4737 igitur
1569 4647 1607 4715 in
1634 4648 1886 4720 reformatione
1906 4647 2112 4724 Christiana
2136 4657 2248 4747 prima

167 4830 171 4837 ,
211 4762 321 4831 vitam
355 4769 545 4825 aeternam.
604 4742 653 4816 Et
678 4741 776 4814 hunc
807 4744 921 4812 filium
953 4766 1056 4812 suum
1090 4740 1204 4811 lesum
1256 4743 1343 4817 haec
1362 4770 1465 4833 cura,
1490 4763 1531 4819 ut
1552 4746 1741 4839 Evangelii
1770 4754 1930 4824 doctrina
1954 4779 2044 4846 pura
2066 4769 2104 4826 et
2130 4759 2248 4828 incor-

212 4858 414 4942 Christum,
446 4852 550 4924 certis
573 4863 608 4919 et
631 4846 828 4918 manifestis
850 4845 1063 4916 testimoniis
1085 4858 1205 4936 postea
1257 4861 1362 4940 rupta
1377 4849 1417 4919 iu
1432 4847 1601 4921 Ecclesiis
1616 4853 1703 4921 etin
1719 4848 1850 4925 scholis
1867 4872 2109 4948 proponatur,
2135 4883 2250 4932 serve·

1258 4965 1336 5036 tur,
1368 4967 1402 5023 et
1422 4967 1656 5044 propagetur,
1689 4955 1781 5026 sicut
1811 4972 1846 5028 et
1870 4959 2005 5050 primae
2029 4975 2063 5032 et
2095 4976 2250 5034 vetustae

1258 5051 1397 5148 Synodi
1421 5055 1608 5147 praecipue
1637 5071 1784 5148 propter
1811 5060 2010 5130 doctrinam
2041 5080 2252 5136 convocatae

251 5160 1208 5304 1l‘Pptpicninplppanzdpcpipsei'tinmergineFranciseusBurch.,quere
1258 5170 1359 5226 sunt:
1393 5169 1433 5227 ut
1459 5155 1626 5251 synodus
1655 5183 1745 5253 quae
1776 5161 1988 5234 describitur
2015 5160 2097 5240 Aci.
2133 5163 2193 5243 15.
2221 5183 2251 5238 el

249 5337 277 5404 2)
293 5332 357 5386 Per.
379 5342 447 5391 sex,
471 5343 501 5376 ex
522 5318 733 5401 emendatione,
753 5316 800 5371 sed
819 5312 980 5370 Melanthos
1003 5321 1106 5367 sertum
1127 5323 1225 5384 ceput,

283 5411 388 5455 tautum
405 5411 455 5466 pro
471 5400 638 5446 consectario
653 5387 755 5441 hebuit.

250 5489 278 5558 Β)
295 5489 333 5542 eie
348 5481 446 5538 excidit
462 5477 533 5550 apud
548 5474 612 5527 Per.
998 5454 1000 5458 ‚
1294 5477 1322 5545 4)
1338 5485 1456 5540 praeter
1469 5477 1511 5541 iet]
1528 5474 1592 5532 Per.
1604 5479 1671 5533 nist.

302 1967 469 2068 Quarto,
497 1965 536 2035 in
561 1962 832 2034 conservatione
856 1955 1029 2032 honestae
1053 1969 1084 2029 et
1107 1962 1194 2057 piae

201 2066 425 2172 disciplinae
444 2061 653 2138 retinendae
671 2088 740 2164 per
758 2061 899 2134 indicia
915 2060 1194 2148 Ecclesiastico,

200 2205 263 2251 seu
281 2169 570 2247 iurisdietionem
587 2166 901 2238 Ecclesiasticam.

235 2888 297 2963 De
317 2885 443 2990 primo
464 2879 642 2965 articulo,
668 2879 805 2952 scilicet
824 2875 866 2949 de
885 2901 968 2949 vera
987 2872 1167 2948 doctrina.
