4868 6420
252 310 325 401 tsi
620 358 623 362 ι
838 263 1553 417 ertsronatttttt„tttt..ttt.„
1586 318 1716 401 1⁶44.
1770 368 1831 581 θλ
2225 338 2302 417 ω,

253 488 542 569 cavillationibus
566 505 629 563 aut
652 492 883 590 corruptelis,
908 494 970 565 sed
986 493 1065 564 vult
1083 515 1248 564 reveren·
1299 505 1429 582 petam.
1454 487 1609 579 Deinde,
1622 496 1719 589 quod
1734 494 1767 566 sa
1829 523 1896 586 em.
1909 501 2047 574 etiamsi
2060 505 2135 601 ipsc
2148 513 2294 591 fuissem

253 606 308 670 ter
330 607 366 666 et
386 594 540 684 graviter
561 594 680 667 audiri
697 620 819 669 vocem
844 596 1025 680 divinam,
1050 597 1127 671 vult
1140 609 1250 666 metas
1300 594 1467 665 editionis
1482 609 1624 681 auctor,
1649 597 1684 666 id
1699 622 1797 669 nunc
1809 626 1950 695 quoque
1965 605 2068 683 tacto.
2120 611 2295 692 Profiteor
2405 639 2409 651 “

254 696 417 774 coelestis
449 696 632 768 doctrinae
667 699 827 788 agnosci,
866 701 962 770 extra
989 720 1077 792 quas
1110 697 1250 787 evagari
1299 721 1356 766 me
1388 698 1554 789 amplecti
1579 702 1789 771 senteutiam
1816 700 2054 779 Ecclesiarum
2077 729 2294 809 nostrarum,

254 800 436 895 mentibus
452 800 583 869 nostris
600 824 675 870 non
696 802 788 874 licet.
837 800 994 895 Ideoque
1009 802 1086 872 vult
1100 797 1198 872 Deus
1216 813 1250 870 et
1299 824 1406 893 quam
1423 824 1506 871 vere
1522 800 1641 872 iudico
1659 826 1731 872 esse
1748 828 1958 879 consensum
1972 806 2292 898 EcclesiaeChristi

255 902 294 974 in
317 898 476 973 Ecclesia
500 916 534 972 et
559 904 598 971 in
623 899 753 975 scholis
776 905 932 996 proponi
953 917 985 976 et
1001 903 1169 995 explicari
1183 906 1249 974 do·
1297 917 1527 993 perpetuum,
1552 917 1587 973 et
1603 906 1808 980 doctoribus
1823 905 2063 988 Ecclesiarum
2088 935 2291 999 nostrarum

253 1004 424 1090 ctrinam,
451 1029 558 1097 qnam
573 1006 731 1075 tradidit.
782 1002 830 1077 Et
854 1031 991 1099 semper
1006 1006 1169 1076 excitavit
1182 1009 1248 1076 do·
1298 1005 1462 1094 permitto
1484 1006 1656 1076 iudicium
1682 1022 1715 1078 et
1729 1008 1774 1078 de
1788 1004 1845 1080 his
1858 1017 2171 1109 annotationibus,
2197 1031 2292 1102 etde

253 1120 386 1192 etores,
420 1107 484 1201 qui
514 1131 591 1176 eam
614 1124 869 1198 propagarent,
901 1122 937 1179 et
955 1109 1056 1203 quasi
1086 1110 1249 1177 custodes
1296 1108 1619 1200 omnibusscriptis
1645 1111 1744 1181 meis.
1796 1111 1886 1182 Nam
1901 1112 2079 1192 Ecclesiae
2106 1126 2292 1218 iudicium,

254 1222 369 1285 essent
382 1222 574 1302 perpetuae
598 1210 637 1278 in
652 1206 809 1280 Ecclesia
825 1212 1037 1294 sententiae,
1062 1209 1148 1279 alias
1166 1210 1248 1302 plu·
1296 1233 1386 1301 quae
1415 1235 1534 1281 vocem
1558 1207 1744 1300 Evangelii
1769 1230 1890 1301 sonat,
1918 1242 1958 1288 ex
1983 1224 2104 1295 animo
2128 1253 2290 1323 veneror,

253 1334 309 1383 res
328 1324 363 1383 et
380 1312 507 1381 maiori
523 1313 601 1380 luce
621 1314 791 1397 donatos,
816 1314 903 1382 alias
918 1313 1101 1404 pauciores
1126 1327 1160 1383 et
1179 1313 1248 1382 im·
1296 1325 1330 1380 et
1344 1334 1481 1402 semper
1497 1318 1737 1384 venerandum
1755 1340 1828 1386 csse
1845 1320 1947 1397 duco.

252 1413 465 1486 becilliores.
522 1411 682 1484 Colenda
706 1431 790 1508 sunt
811 1417 920 1505 igitur
942 1410 1027 1484 haec
1047 1414 1163 1500 studia
1182 1416 1246 1482 do·
1395 1413 1450 1483 De
1471 1417 1658 1486 enarrandi
1683 1418 1819 1487 ratione
1843 1424 1994 1510 praefari
2010 1429 2095 1520 quid
2120 1437 2290 1521 possum?

252 1515 387 1587 ctrinae
403 1517 553 1588 traditae
571 1517 762 1602 divinitus,
789 1533 822 1589 et
838 1518 1096 1588 conservanda:
1122 1529 1158 1589 et
1171 1517 1248 1607 pri·
1296 1540 1376 1583 cnm
1393 1517 1581 1586 consilium
1600 1518 1768 1588 editionis
1783 1544 1856 1589 non
1873 1527 2038 1614 probem,
2064 1545 2099 1603 et
2113 1528 2181 1604 hae
2198 1535 2288 1609 ieiu-

252 1631 354 1690 vatae
375 1620 623 1690 meditationes
645 1620 856 1690 confirmant
876 1644 994 1690 veram
1011 1622 1055 1689 de
1072 1616 1149 1688 Deo
1165 1643 1247 1687 sen·
1296 1641 1362 1687 nae
1383 1620 1630 1690 annotationes
1660 1646 1884 1715 nequaquam
1907 1633 2145 1720 respondeant
2164 1634 2288 1709 Evan-

252 1721 402 1795 tentiam
436 1721 475 1790 in
507 1722 654 1807 animis,
690 1726 887 1794 accendunt
916 1720 1177 1793 invocationem
1213 1734 1248 1793 et
1295 1721 1725 1812 geliorumamplitudini.
1776 1721 1840 1795 Est
1856 1731 2004 1801 omnino
2019 1759 2146 1826 magna
2167 1752 2202 1809 et
2217 1741 2289 1812 dis.

252 1822 342 1895 alios
374 1825 452 1914 pios
481 1837 608 1896 motus.
669 1823 739 1896 Sed
772 1827 809 1894 in
844 1824 1061 1895 editionibus
1095 1823 1247 1915 publicis
1295 1822 1398 1891 licitis
1412 1846 1468 1893 res
1485 1824 1670 1914 explicatio
1685 1822 1891 1915 Evangelii,
1915 1836 2032 1922 quod,
2057 1851 2097 1908 ut
2112 1854 2213 1912 antea
2231 1844 2288 1913 dt.

253 1949 378 1995 omnes
393 1926 481 1994 boni
506 1939 541 1995 et
557 1928 748 2016 prudentes
763 1941 889 2019 optant
906 1929 1080 1997 delectum
1095 1921 1246 1995 adhibe·
1294 1925 1347 2010 xi,
1373 1926 1636 2016 complectenda
1653 1928 1699 1998 sit
1715 1930 1927 2019 cogitatione
1942 1938 2106 2011 universa
2125 1943 2287 2015 omnium

251 2027 304 2107 ri,
339 2040 374 2097 et
395 2028 560 2118 pauciora
583 2030 711 2119 scripta
733 2029 832 2118 gravi
848 2053 996 2100 censura
1018 2029 1245 2120 comprobata
1295 2038 1494 2119 temporum
1509 2023 1685 2114 Ecclesia,
1711 2043 1745 2103 et
1773 2035 1964 2122 prudenter
1986 2039 2218 2117 discernenda
2243 2047 2289 2120 sit

252 2129 371 2221 spargi
394 2130 434 2197 in
459 2130 603 2220 populo.
662 2126 781 2200 Huius
809 2133 860 2200 rei
883 2157 1003 2200 curam
1030 2132 1247 2205 mandarunt
1294 2128 1352 2198 lex
1374 2130 1662 2220 apromissione,
1686 2158 1777 2225 quae
1794 2149 1845 2205 est
1858 2133 2046 2228 Evangelii
2061 2147 2227 2237 propria,
2253 2164 2289 2223 et

253 2231 398 2325 quidem
419 2230 604 2323 Principes
628 2233 752 2313 nobis,
778 2234 841 2327 qui
856 2234 973 2303 studia
989 2233 1172 2302 doctrinae
1188 2257 1246 2303 re·
1295 2231 1334 2300 in
1350 2233 1471 2304 multis
1494 2233 1584 2304 locis
1602 2237 1875 2306 monstrandum
1893 2239 2084 2317 discrimen
2098 2243 2288 2340 Evangelii

253 2333 388 2423 gimus;
412 2336 474 2405 sed
497 2335 581 2427 quia
608 2358 683 2404 non
705 2338 918 2406 adiuvamur
931 2338 976 2407 ab
992 2336 1059 2420 eis,
1084 2335 1246 2404 officinae
1296 2330 1645 2409 etiudiciihumani.
1696 2333 1809 2407 Nemo
1827 2354 1941 2430 potest
1962 2343 2190 2439 interpretari
2207 2377 2288 2442 par.

251 2435 421 2507 librariae
455 2451 592 2507 nostras
625 2438 889 2509 admonitiones
922 2463 962 2508 ac
994 2438 1087 2528 leges
1120 2437 1247 2507 leviter
1294 2447 1346 2504 tes
1361 2432 1570 2525 Evangelii,
1591 2437 1662 2506 nisi
1677 2437 1854 2526 integrum
1871 2444 2053 2518 doctrinae
2068 2475 2197 2543 corpus
2213 2480 2288 2526 me-

252 2553 390 2611 eurant.
1296 2538 1463 2609 diocriter
1478 2551 1610 2633 teneat:
1640 2541 1737 2632 quod
1754 2566 1833 2614 cum
1855 2546 1974 2617 animo
1990 2549 2288 2642 comprehensum

184 2636 186 2641 ’
354 2637 431 2732 Ego
457 2640 556 2711 domi
591 2642 717 2711 solitus
749 2665 828 2710 sum
855 2641 1044 2711 iuvenibus
1071 2663 1246 2709 summam
1297 2654 1363 2724 est,
1395 2643 1591 2731 prudenter
1614 2641 1826 2729 videndum,
1857 2650 1900 2716 ad
1924 2675 2031 2742 quam
2052 2669 2189 2744 partem
2211 2659 2289 2731 siu·-
2400 2665 2402 2668 ’

252 2739 665 2815 doctrinaeChristianae
682 2746 841 2829 tradere,
867 2758 901 2813 et
916 2744 1085 2835 lectiones
1100 2743 1246 2812 usitatas
1295 2743 1397 2830 gulae
1415 2737 1584 2813 historiae
1606 2756 1667 2814 aut
1690 2745 1879 2817 conciones
1908 2750 1947 2824 in
1969 2748 2166 2845 Evangelio
2197 2762 2290 2833 refe„

252 2842 466 2916 qucclesia
484 2870 699 2937 proponere,
713 2858 754 2916 ut
770 2848 815 2915 ad
832 2846 1097 2915 meditationem
1114 2847 1158 2913 de
1173 2844 1246 2913 vir·
1294 2842 1427 2914 rendae
1450 2845 1534 2918 sint.
1585 2841 1635 2917 Et
1651 2847 1901 2932 concionator,
1927 2855 1990 2947 qui
2005 2857 2101 2932 volet
2122 2862 2290 2950 prodesse

253 2961 328 3021 tute
345 2948 508 3019 omnium
528 2972 683 3034 summa,
709 2949 744 3018 id
771 2962 840 3034 est,
861 2950 905 3018 dc
926 2948 1106 3038 agnitione
1130 2961 1164 3018 et
1188 2947 1246 3015 in·
1294 2947 1448 3037 populo,
1474 2948 1574 3018 dabit
1595 2972 1758 3038 operam,
1782 2964 1825 3021 ut
1845 2955 2024 3029 auditores
2045 2961 2151 3031 etiam
2169 2987 2289 3039 assue-
2412 3047 2422 3055 ,

252 3051 438 3122 vocatione
447 3047 513 3120 Dei
528 3051 771 3136 assuefierent,
798 3065 832 3121 et
846 3051 914 3120 alia
933 3051 1047 3121 officia
1057 3049 1133 3119 Deo
1148 3063 1246 3140 grata
1294 3048 1420 3134 iaciat,
1452 3063 1494 3119 ut
1512 3074 1684 3120 summam
1709 3058 1888 3145 quandam
1912 3060 2092 3133 doctrinae
2113 3061 2288 3140 Christia-

253 3152 440 3226 discerent.
484 3149 532 3223 Et
545 3154 657 3225 multa
671 3167 756 3224 sunt
770 3154 808 3222 in
827 3154 902 3245 ipsa
919 3149 1107 3242 Evangelii
1123 3152 1247 3222 lectio·
1295 3175 1362 3221 nae
1378 3151 1498 3222 animo
1513 3148 1812 3244 comprehendere
1828 3160 2009 3246 studeant,
2042 3177 2077 3233 et
2097 3168 2289 3258 quasiutu-

252 3279 317 3343 ne,
343 3281 433 3350 quae
456 3256 532 3325 sine
553 3257 683 3340 literis,
710 3256 786 3326 sine
803 3251 1034 3326 historiarum
1058 3255 1247 3325 collatione
1294 3256 1527 3348 ματοποιεῖν;
1555 3267 1588 3325 et
1605 3255 1645 3325 in
1661 3257 1811 3347 singulis
1828 3263 1984 3332 materiis
2003 3266 2133 3357 dirigat
2153 3272 2289 3345 oratio-

253 3382 328 3429 non
344 3359 605 3449 intelliguntur.
643 3358 720 3430 lmo
738 3360 892 3451 profecto
912 3359 974 3452 qui
991 3381 1164 3427 summam
1182 3359 1247 3426 do·
1294 3382 1378 3427 nem
1402 3359 1447 3428 ad
1469 3372 1581 3428 certos
1607 3358 1682 3430 eius
1701 3361 1861 3452 corporis
1884 3363 1997 3436 locos:
2039 3362 2103 3439 hos
2126 3395 2169 3440 ex
2195 3375 2288 3446 veris

253 3463 388 3533 ctrinae
410 3459 676 3532 Ecclesiasticae
697 3463 754 3531 vel
777 3462 1002 3531 mediocriter
1018 3460 1097 3529 vult
1112 3460 1248 3557 intelli·
1295 3460 1538 3531 fundamentis
1560 3475 1714 3533 exstruat
1730 3477 1764 3533 et
1788 3464 1951 3541 illustret.
2001 3467 2098 3541 Haec
2113 3489 2287 3566 quantum

252 3588 352 3656 gere,
377 3560 475 3635 hunc
490 3588 631 3634 necesse
649 3577 700 3634 est
714 3577 831 3634 mente
847 3564 979 3634 intueri
993 3576 1105 3633 totam
1120 3560 1248 3632 mundi
1295 3586 1418 3642 curae,
1450 3562 1674 3652 diligentiae,
1706 3567 1935 3655 prudentiae,
1966 3574 2195 3661 eruditionis,
2226 3603 2288 3651 eo.

252 3663 456 3753 historiam,
491 3681 525 3738 et
546 3670 591 3736 de
612 3667 775 3737 maximis
798 3669 904 3737 rebus
926 3665 1150 3736 considerare
1173 3665 1248 3735 dis—
1295 3665 1375 3757 piae
1404 3664 1604 3756 requirant,
1645 3666 1831 3738 mediocris
1864 3670 2039 3764 interpres
2067 3680 2288 3768 experiundo

253 3771 404 3842 crimina
420 3771 579 3840 coelestis
595 3771 778 3840 doctrinae
794 3782 828 3839 et
850 3764 1088 3839 humanarum
1103 3766 1248 3859 opinio·
1294 3780 1491 3857 cognoscet.
1541 3763 1617 3856 Ego
1636 3766 1673 3835 in
1692 3761 1748 3837 his
1761 3773 1906 3861 pagellis
1928 3775 2116 3864 brevibus,
2140 3776 2227 3852 haec
2242 3808 2289 3854 ne

252 3898 354 3944 num.
404 3870 521 3944 Aliter
534 3876 579 3944 de
600 3873 825 3943 invocatione
839 3869 928 3955 Dei,
954 3873 998 3941 de
1014 3883 1176 3962 peccato,
1203 3872 1248 3939 de
1295 3870 1396 3961 potui
1416 3870 1560 3962 quidem
1585 3870 1738 3955 efficere,
1770 3875 1830 3943 sed
1860 3875 1897 3945 in
1919 3878 2098 3972 aliquibus
2122 3879 2288 3958 inchoata

252 3977 563 4060 reconciliatione,
588 3978 634 4045 de
649 3976 803 4060 iustitia,
826 3977 869 4044 de
890 3974 1004 4045 causis
1018 3974 1162 4058 mortis,
1185 3973 1249 4042 de-
1295 3996 1351 4042 res
1374 3986 1435 4044 est.
1497 3969 1607 4041 Multi
1641 3984 1724 4043 suut
1752 3990 1867 4045 autem
1895 3981 1994 4068 digni
2018 3983 2288 4074 vituperatione,

253 4079 364 4172 nique
383 4083 427 4148 de
450 4079 572 4149 multis
592 4079 754 4147 maximis
771 4079 876 4148 rebus
892 4071 1048 4147 humana
1066 4076 1156 4146 ratio
1174 4075 1249 4143 dis—
1295 4088 1432 4143 veteres
1455 4086 1491 4141 et
1519 4087 1693 4158 recentes,
1728 4077 1790 4169 qui
1815 4078 1854 4146 in
1880 4105 2128 4178 quamcunque
2152 4102 2287 4178 partem

253 4195 373 4275 putat;
398 4182 502 4253 aliter
524 4182 694 4273 praecipit
716 4180 874 4251 coelestis
898 4178 1072 4251 doctrina.
1123 4174 1249 4247 Etne-
1269 4202 1273 4258 ι
1295 4174 1482 4266 Evangelii
1513 4175 1695 4260 incidunt,
1728 4182 1900 4270 quaedam
1930 4185 2089 4273 vulgaria
2117 4182 2289 4289 πάρεργα

255 4307 348 4354 cesse
370 4299 421 4355 est
443 4298 642 4353 monstrare
660 4283 885 4366 discrimina,
908 4295 951 4351 ut
973 4283 1017 4349 ad
1038 4304 1159 4348 vocem
1180 4277 1250 4350 Dei
1296 4280 1440 4362 dicunt,
1466 4302 1555 4369 quae
1571 4273 1704 4347 habent
1719 4279 1755 4347 in
1775 4296 1929 4370 promtu.
1979 4282 2033 4355 De
2053 4283 2108 4356 his
2123 4289 2208 4360 dum
2225 4297 2288 4363 de-

254 4411 322 4456 nos
345 4388 548 4477 alligemus,
574 4411 639 4455 nec
663 4400 793 4455 temere
814 4406 984 4473 vagemur
1005 4381 1154 4466 animis,
1181 4381 1250 4451 fin-
1297 4383 1451 4452 clamant
1466 4381 1596 4461 otiose,
1620 4404 1721 4470 saepe
1737 4383 1882 4469 accidit,
1901 4398 1940 4455 ut
1955 4389 2196 4471 animadverti
2206 4420 2288 4485 pos-

180 4552 183 4556 r
253 4503 390 4580 gentes,
419 4503 459 4559 ut
485 4490 616 4559 multos
641 4489 783 4569 audivi,
814 4480 1084 4575 Philosophieas
1107 4484 1250 4573 religio-
1298 4486 1359 4568 sit,
1384 4482 1489 4574 ἕτερα
1502 4475 1574 4574 μὲν
1587 4479 1654 4555 τὸν
1667 4475 1778 4568 πόδα,
1805 4481 1965 4577 ἕτεραδὲ
1981 4486 2287 4585 τὸνρυθμὸνλέ-

253 4615 329 4663 nes.
389 4587 539 4684 Aliquid
564 4591 675 4680 igitur
695 4589 920 4658 familiariter
941 4585 1092 4657 disserui
1108 4587 1152 4656 de
1173 4586 1251 4678 ple·
1296 4611 1387 4687 yeus.
1448 4583 1633 4655 Utautem
1657 4581 1831 4656 Anchises
1854 4590 1959 4674 dicit,
1986 4594 2098 4662 scelus
2120 4599 2287 4674 essedis-

253 4694 376 4788 risque
403 4693 508 4778 locis,
546 4695 589 4762 de
614 4693 745 4786 quibus
766 4705 869 4761 antea
889 4714 1007 4759 meum
1037 4702 1130 4759 extat
1154 4689 1251 4759 iudi·
1297 4689 1428 4759 sentire
1448 4687 1598 4758 oratoris
1619 4711 1740 4757 vocem
1763 4690 1858 4781 lege,
1885 4692 1933 4762 ita
1957 4695 2070 4764 multo
2084 4699 2194 4788 magis
2213 4725 2288 4772 sce-

254 4796 361 4866 cium.
411 4794 485 4866 Nec
510 4795 706 4865 existimavi
728 4795 909 4873 futurum,
933 4805 974 4861 ut
996 4786 1063 4861 hos
1078 4791 1249 4861 domesti-
1298 4794 1353 4862 lus
1385 4804 1454 4870 est,
1486 4789 1690 4881 interpretis
1724 4791 1762 4859 in
1792 4788 1949 4864 Ecclesia
1976 4823 2097 4867 vocem
2130 4826 2287 4896 pugnare

254 4921 316 4968 cos
338 4921 536 4982 sermones,
570 4920 659 4990 qnos
688 4897 763 4989 ipse
789 4921 863 4965 non
894 4894 1119 4986 scripseram,
1150 4894 1249 4986 quis-
1297 4917 1378 4965 cnm
1395 4890 1601 4981 Evangelio.
1654 4888 1873 4966 Annitamur
1894 4897 2022 4987 igitur,
2047 4913 2086 4970 ut
2102 4927 2204 4989 vera,
2231 4932 2288 4976 re·

254 5024 364 5094 qnam
383 4999 535 5072 efferret.
595 4997 822 5091 Quamquam
844 5010 961 5067 autem
981 5019 1126 5088 prorsus
1146 5010 1249 5087 opta·
1293 5010 1370 5085 cta,
1396 5009 1478 5064 nata
1501 4994 1540 5062 iu
1561 4995 1646 5086 ipsis
1670 4994 1850 5082 fontibus,
1873 5013 1907 5068 et
1926 5001 2095 5071 salutaria
2117 5005 2288 5091 dicamus,

254 5102 325 5172 rim
354 5125 428 5171 non
459 5125 533 5172 esse
556 5101 689 5189 editos,
723 5113 841 5170 tamen
863 5099 983 5168 minus
1007 5121 1247 5188 succenserem
1296 5099 1389 5171 etin
1412 5096 1529 5167 verbis
1552 5098 1803 5188 proprietatem
1828 5101 1993 5170 usitatam
2016 5098 2219 5194 Apostolis,
2253 5127 2287 5181 et

256 5204 321 5288 iis,
343 5205 406 5297 qui
422 5227 584 5295 spargere
597 5216 807 5294 coeperunt,
832 5201 861 5269 si
885 5195 976 5268 mihi
997 5201 1249 5270 concessissent
1269 5224 1272 5296 j
1296 5204 1334 5270 in
1369 5200 1580 5290 exponendo
1617 5200 1781 5268 ordinem
1824 5202 1997 5270 artificum
2034 5199 2285 5294 adhibeamus!

188 5342 206 5379 ο
255 5307 471 5377 emendandi
486 5307 657 5397 spatium,
681 5319 744 5376 aut
758 5306 787 5374 si
805 5303 873 5394 ipsi
888 5302 1043 5371 severius
1062 5306 1247 5372 emendas-
1269 5336 1271 5357 ε
1295 5302 1435 5392 Quodsi
1468 5300 1652 5384 faciemus,
1686 5308 1804 5371 rerum
1831 5326 2022 5374 consensus
2048 5303 2287 5385 Ecclesiarum

256 5421 336 5479 sent
349 5405 413 5480 has
426 5411 656 5479 confusaneas
670 5406 931 5478 conciunculas.
956 5403 1061 5474 Nunc
1076 5400 1144 5474 hoc
1157 5400 1246 5473 mihi
1294 5406 1520 5475 concordiam
1538 5402 1715 5476 retinebit.
1775 5401 1864 5506 Nam
1884 5407 1953 5498 piis
1974 5412 2174 5498 pastoribus
2188 5429 2288 5490 utra.

256 5525 397 5582 tantum
412 5511 576 5581 relictum
597 5524 668 5595 est,
688 5523 730 5580 ut
754 5508 891 5579 alienae
912 5506 1083 5579 stultitiae
1103 5508 1245 5578 veniam
1294 5533 1362 5603 que
1381 5530 1437 5578 res
1449 5529 1554 5576 curae
1569 5528 1642 5574 esse
1658 5505 1778 5591 debet;
1804 5508 1960 5599 primum
1974 5512 2141 5598 veritatis,
2156 5517 2287 5589 deinde

310 5616 489 5682 Μιωτιι.
517 5615 623 5682 Orrn.
675 5615 759 5680 voi..
785 5614 830 5681 V.
1482 5605 1532 5677 36
1786 5641 1789 5644 ⁴
