4882 6426
145 304 149 310 ’
213 339 288 412 osa
787 336 1222 421 amsronaauu
1274 339 1483 424 nte.1x.
1536 336 1667 416 154⁵.
1711 447 1716 453 .
2178 332 2256 411 sss

211 525 250 582 ut
263 512 308 580 ad
325 514 518 583 sacerdotia
534 515 763 606 collegiorum
786 519 1001 610 eligerentur
1014 520 1100 589 tales
1124 519 1206 603 viri,
1256 520 1322 587 filii
1354 518 1421 589 Dei
1455 521 1676 611 obsignatae,
1717 545 1781 590 nec
1820 523 1980 592 deserere
2011 513 2250 585 ministerium
2284 587 2288 597 ,

210 638 366 709 quorum
388 614 566 685 industria
592 619 672 688 usui
698 645 770 689 esse
793 636 920 713 posset.
979 620 1084 691 Nunc
1109 621 1204 691 enim
1254 619 1623 712 Evangelicumlicet,
1649 621 1935 693 etEcclesiarum
1950 633 2152 690 nostrarum
2169 615 2250 686 Iesu

211 741 319 811 quam
348 717 453 786 multi
484 719 618 788 sintin
642 723 798 813 collegiis
822 722 1086 795 Canonicorum
1111 738 1204 794 recte
1254 720 1416 808 Christo,
1443 726 1506 818 qui
1519 729 1616 795 sedet
1638 729 1680 795 ad
1699 728 1856 795 dextram
1874 724 2008 795 aeterni
2029 721 2159 814 patris,
2184 717 2248 789 ubi

212 819 363 902 eruditi,
396 844 452 888 res
481 821 556 911 ipsa
579 827 744 897 ostendit.
804 822 857 896 Ac
887 826 1075 917 praecipue
1100 827 1203 918 pauci
1252 827 1319 920 sibi
1337 824 1533 897 Ecclesiam
1556 852 1639 897 voce
1664 824 1851 916 Evangelii
1872 826 1927 897 sui
1951 825 2112 915 colligat,
2139 845 2244 914 expe·

211 935 312 1005 sunt,
338 922 401 1013 qui
420 923 617 991 doctrinam
634 922 812 996 Ecclesiae
829 943 921 999 recte
945 928 1145 1017 intelligant
1170 941 1203 997 et

209 1037 341 1096 ament.
368 1022 439 1094 Sed
454 1038 494 1093 ut
510 1019 726 1096 honestiviri
740 1030 811 1099 sint
827 1030 865 1098 in
879 1029 1204 1120 collegiisCanoni-

209 1150 345 1209 corum,
355 1125 529 1195 abolenda
545 1141 595 1197 est
611 1129 720 1220 impia
735 1131 790 1199 lex
807 1133 851 1200 de
867 1133 1055 1218 coelibatu,
1073 1145 1202 1224 etcon-

209 1230 409 1298 cedendum
424 1241 475 1297 est
494 1224 550 1297 bis
566 1225 756 1302 honestum
772 1247 806 1304 et
822 1234 921 1324 pium
937 1235 1153 1324 coniugium.

311 1328 495 1400 Postremo
512 1332 541 1398 si
556 1328 652 1401 Deus
669 1348 772 1404 autor
789 1336 867 1428 piae
884 1349 918 1405 et
932 1338 1095 1406 salutaris
1113 1361 1201 1405 con-

209 1432 352 1503 cordiae
386 1435 520 1501 faveret
544 1434 668 1503 «initiis
693 1437 978 1524 reformationis,
1020 1453 1054 1508 et
1080 1462 1203 1508 emen-

208 1534 305 1606 datio
341 1533 400 1625 pia
431 1536 655 1626 procederet,
687 1540 815 1609 deinde
842 1541 881 1610 in
913 1541 1086 1611 electione
1112 1538 1202 1632 Epi-

208 1661 395 1726 scoporum
419 1637 593 1706 rationem
608 1633 734 1709 baberi
756 1656 950 1734 oporteret,
976 1668 1050 1712 non
1065 1656 1201 1713 tantum

207 1739 374 1831 politicae
396 1740 679 1827 gubernationis,
709 1746 898 1814 sedetiam
926 1742 1201 1819 Ecclesiasticae.

207 1838 443 1928 Quaerendus
458 1849 545 1912 esset
560 1866 634 1910 non
652 1858 788 1915 tantum
801 1837 1128 1939 'diligensquaestor
1142 1862 1203 1919 aut

207 1943 264 2010 vir
278 1941 463 2033 politicus,
488 1945 549 2012 sed
566 1945 670 2014 etiam
694 1947 922 2018 mediocriter
940 1950 1054 2018 sciens
1069 1951 1203 2018 doctri-

206 2068 290 2112 nam
312 2041 491 2113 Ecclesiae
513 2059 548 2115 et
571 2070 645 2114 non
670 2051 820 2138 superbe
844 2051 1027 2119 fastidiens
1040 2052 1203 2121 ministe-

205 2147 300 2216 rium
315 2143 588 2235 Evangelicum,
615 2150 889 2221 deliberationes
902 2155 946 2220 de
961 2154 1142 2238 doctrina,
1169 2167 1202 2222 et

206 2251 251 2319 de
275 2247 344 2338 piis
366 2250 576 2318 ceremoniis
599 2264 633 2320 et
656 2253 896 2323 defensionem
911 2267 1114 2347 pastorum,
1140 2256 1201 2325 sed

207 2351 395 2442 praecipue
411 2347 580 2442 Episcopi
596 2354 710 2423 officia
726 2355 928 2445 intelligens
944 2371 978 2427 et
991 2380 1125 2431 amans.

307 2450 384 2521 Etsi
401 2465 518 2522 autem
533 2469 667 2525 veteres
690 2482 842 2528 canones
861 2461 973 2529 mitlta
989 2459 1202 2529 ordinarunt

204 2557 249 2626 de
265 2555 455 2640 electione,
474 2556 604 2648 quibus
617 2561 795 2647 personis,
809 2575 842 2630 et
858 2586 1010 2654 quorum
1027 2564 1200 2651 graduum

204 2652 413 2727 hominibus
442 2654 706 2729 concedendum
730 2662 775 2731 sit
800 2663 856 2744 ius
878 2663 1113 2753 suffragandi,
1147 2677 1202 2732 ta-

204 2782 289 2826 men
311 2761 417 2828 nobis
439 2753 507 2829 boc
531 2762 749 2832 tutissimum
762 2764 922 2851 videtur,
947 2778 989 2835 ut
1008 2766 1054 2835 sit
1074 2766 1199 2836 electio

205 2883 312 2951 penes
325 2883 460 2931 summa
475 2863 641 2953 collegia,
658 2878 699 2935 ut
716 2861 902 2951 hactenus,
920 2881 1108 2961 postquam
1124 2891 1199 2935 am-

201 2964 305 3055 plexa
329 2980 443 3035 essent
466 2989 589 3055 puram
614 2964 801 3056 Evangelii
830 2970 1047 3039 doctrinam:
1097 2966 1145 3039 Et
1167 2970 1197 3038 si

202 3064 290 3159 quid
306 3065 395 3134 iuris
411 3091 622 3159 quocunque
638 3070 715 3139 loco
731 3068 913 3162 Principes
927 3067 1077 3155 babent,
1103 3085 1144 3142 ut
1160 3072 1196 3141 id

202 3180 346 3236 maneat
365 3169 415 3236 eis
433 3170 620 3257 integrum.

302 3267 393 3338 Nam
412 3271 440 3338 si
460 3275 659 3393 revocarffa
675 3288 764 3345 esset
777 3288 877 3344 vetus
893 3276 1130 3359 consuetudo,
1156 3287 1198 3344 ut

202 3370 356 3462 populus
380 3395 441 3440 seu
457 3375 637 3465 praecipui
658 3376 728 3443 viri
752 3376 912 3445 omnium
932 3380 1108 3466 graduum
1122 3379 1197 3447 suf-

200 3472 440 3561 fragarentur:
468 3477 529 3544 ille
543 3501 621 3546 mos
637 3491 670 3546 et
688 3478 774 3546 olim
784 3491 930 3568 magnos
947 3478 1120 3549 tumultus
1135 3504 1195 3548 ex-

202 3574 323 3644 citavit
346 3577 385 3643 in
400 3573 504 3661 Asia,
531 3579 569 3646 in
591 3579 758 3664 Graecia,
784 3582 875 3649 etin
895 3579 1012 3664 ltalia,
1039 3595 1073 3649 et
1098 3604 1194 3649 nime

200 3676 240 3744 in
257 3672 323 3746 hac
339 3679 484 3749 natione
497 3675 716 3766 horridiore,
744 3683 874 3751 maiora
892 3682 1081 3751 certamina
1100 3683 1194 3773 pari-

201 3791 303 3846 turus
319 3794 417 3853 esset.
470 3779 517 3851 Et
530 3783 560 3851 si
576 3784 721 3872 collegia
745 3778 813 3853 hoc
836 3784 1016 3854 lenissimo
1033 3785 1194 3870 consilio,

200 3903 272 3973 qno
288 3905 361 3950 non
378 3883 609 3954 labefactatur
632 3886 811 3976 fastigium
830 3900 891 3957 aut
907 3887 1059 3975 dignitas
1075 3888 1192 3955 cuius-

200 4006 324 4075 quam,
348 4007 421 4052 non
446 3987 667 4078 diripiuntur
691 4013 791 4080 opes,
816 4014 890 4057 non
914 3988 1107 4078 impeditur
1129 3991 1192 4057 ad-

199 4084 433 4169 ministratio,
464 4091 509 4157 ad
531 4093 820 4161 reformationem
844 4094 921 4159 iure
945 4091 1069 4159 divino
1091 4115 1192 4182 prae-

198 4200 353 4276 ceptam,
374 4212 447 4257 non
463 4204 630 4279 poterunt
649 4194 761 4278 flecti,
782 4205 822 4261 ut
836 4193 1093 4276 existimamus,
1110 4193 1193 4286 quia

198 4288 315 4357 maior
328 4302 408 4380 pa'rs
425 4286 531 4363 babet
547 4319 626 4363 cum
644 4296 782 4366 inscitia
797 4308 831 4364 et
846 4295 1025 4385 impietate
1043 4295 1194 4363 coniun-

199 4401 291 4457 ctam
312 4393 558 4481 pertinaciam,
586 4411 625 4466 ut
639 4393 798 4480 Pharao,
821 4409 854 4465 et
872 4394 1012 4476 ludaei,
1039 4397 1192 4466 etmulti

198 4505 284 4561 sunt
306 4495 421 4583 palam
435 4493 642 4588 Epicuraei,
669 4500 731 4590 qui
757 4500 886 4567 mentis
910 4499 1082 4568 iudicium
1103 4498 1192 4565 ami-

1253 942 1347 998 ctare
1363 932 1542 1003 debemus.

1478 1088 1541 1172 De
1567 1089 1716 1164 iudiciis
1742 1090 2028 1164 Ecclesiaslicis
2092 1155 2096 1161 .

1353 1225 1450 1298 Deus
1470 1232 1632 1319 potestati
1655 1230 1789 1320 gerenti
1804 1230 1961 1319 gladium
1978 1224 2180 1308 mandavit,
2206 1235 2246 1291 ut
2332 1239 2338 1252 ⁸

1253 1344 1433 1400 externam
1450 1327 1635 1403 honestam
1651 1330 1875 1422 disciplinam
1892 1333 1988 1399 iuxta
2004 1328 2126 1398 omnia
2141 1350 2244 1395 man·

1253 1433 1333 1501 data
1350 1430 1417 1502 Dei
1434 1447 1574 1505 tueatur
1590 1460 1630 1504 ae
1650 1436 1818 1513 retineat,
1845 1448 1880 1503 et
1895 1431 2139 1523 corporalibus
2160 1453 2246 1520 poe-

1252 1535 1309 1602 nis
1324 1559 1463 1621 omnes,
1490 1538 1552 1629 qui
1567 1538 1704 1607 violant
1718 1549 1895 1606 externam
1911 1534 2153 1627 disciplinam,
2179 1554 2247 1621 pu·

1254 1637 1347 1721 niat,
1373 1652 1407 1708 et
1424 1664 1547 1708 omnes
1563 1640 1788 1711 mediocriter
1803 1638 1907 1729 periti
1925 1636 2121 1706 forensium
2136 1656 2246 1723 nego·

1254 1740 1385 1809 tionum
1408 1741 1541 1826 ssiunt,
1583 1766 1672 1835 quae
1697 1765 1837 1811 caussae
1867 1741 1911 1808 ad
1935 1736 2003 1808 hoc
2025 1742 2144 1809 forum
2164 1758 2247 1805 vere

1255 1843 1464 1931 pertineant.
1523 1842 1666 1914 Praeter
1696 1839 1764 1913 hoe
1793 1843 1911 1912 forum
1945 1838 2129 1911 constituit
2149 1835 2247 1907 Deus

1253 1945 1349 2013 aliud
1367 1946 1538 2014 iudicium
1557 1947 1595 2015 in
1607 1944 1784 2025 Ecclesia,
1812 1946 1907 2038 quod
1926 1970 2006 2014 cum
2024 1945 2081 2013 via
2096 1968 2168 2014 esse
2185 1949 2247 2016 de-

1254 2049 1334 2117 beat
1347 2051 1388 2115 ad
1416 2049 1690 2138 poenitentiam,
1718 2072 1792 2117 non
1815 2047 1982 2118 interficit
2004 2041 2185 2117 bominem
2209 2049 2246 2117 vi

1253 2151 1446 2240 corporali,
1473 2152 1532 2219 sed
1550 2152 1656 2241 punit
1670 2152 1778 2219 verbo
1796 2146 1884 2234 Dei,
1910 2149 2044 2219 scilicet
2068 2162 2130 2219 aut
2146 2174 2246 2242 sepa·
2293 2148 2295 2151 ’

1252 2253 1410 2337 ratione,
1443 2266 1504 2322 aut
1532 2254 1704 2323 eiectione
1733 2276 1773 2321 ex
1800 2247 1974 2320 Ecclesia:
2010 2266 2128 2342 postea
2160 2276 2245 2322 vero

1252 2349 1336 2423 huic
1364 2356 1443 2424 foro
1476 2351 1742 2438 Ecclesiastico,
1775 2353 1880 2422 etiam
1909 2353 2170 2424 controversiae
2201 2357 2286 2430 de'.
2340 2382 2343 2386 ·

1253 2457 1491 2526 matrimoniis
1509 2458 1773 2528 commendatae
1797 2469 1898 2538 sunt,
1925 2457 2021 2548 quod
2046 2457 2143 2525 bono
2159 2481 2246 2527 con-

1251 2558 1332 2628 silio
1358 2561 1489 2629 factum
1511 2561 1663 2633 videtur.
1721 2556 1834 2648 Saepe
1855 2559 1950 2625 enim
1970 2557 2134 2628 incidunt
2160 2584 2246 2628 con-

1251 2663 1461 2746 troversiae,
1487 2663 1524 2730 in
1543 2663 1672 2755 quibus
1689 2660 1914 2728 conscientiis
1937 2658 2090 2751 partium
2107 2661 2245 2730 consuli

1251 2765 1372 2849 debet,
1406 2764 1505 2833 cuius
1518 2764 1577 2832 rei
1599 2764 1638 2832 in
1661 2763 1739 2831 foro
1761 2762 1912 2852 profano
1932 2783 2007 2830 non
2031 2762 2078 2830 ita
2094 2755 2245 2834 habetur

1250 2865 1353 2936 ratio.
1405 2865 1473 2936 Sed
1492 2869 1587 2959 quod
1602 2866 1724 2948 multis
1738 2864 1866 2934 seculis
1887 2862 1954 2931 alia
1969 2864 2117 2954 profana
2134 2887 2244 2954 nego·

1250 2968 1317 3053 tia,
1360 2981 1400 3037 ut
1427 2969 1506 3037 lites
1535 2970 1578 3037 de
1605 2966 1774 3058 pecunia,
1814 2965 1932 3034 forum
1957 2963 2269 3065 Ecclesiasticum'

1249 3072 1293 3140 ad
1326 3094 1362 3139 se
1390 3070 1515 3153 traxit,
1546 3084 1581 3139 et
1604 3071 1698 3162 quod
1726 3067 1915 3137 Pontifices
1941 3068 2077 3136 fulmen
2102 3091 2242 3138 excom-

1248 3171 1501 3241 municationis
1523 3186 1702 3241 torserunt
1726 3171 1763 3238 in
1784 3167 2035 3260 Imperatores,
2060 3172 2102 3238 ad
2129 3172 2242 3263 impe-

1247 3274 1293 3343 rii
1320 3275 1627 3362 amplificationem
1649 3274 1687 3340 in
1713 3271 1833 3356 ltalia,
1864 3272 1909 3339 ad
1932 3273 2158 3341 retinendum
2185 3296 2241 3343 re-

1245 3397 1355 3466 guum
1389 3374 1682 3466 Neapolitanum,
1723 3389 1756 3443 et
1796 3374 1892 3468 quod
1927 3376 2242 3444 excommunicatio

1244 3503 1319 3547 non
1340 3491 1519 3547 exercetur
1534 3479 1579 3547 ad
1595 3478 1793 3567 puniendas
1804 3498 1905 3562 vagas
1921 3476 2109 3561 libidines,
2136 3478 2238 3547 adul-

1245 3583 1349 3667 teria,
1387 3580 1644 3649 contumaciam
1666 3580 1860 3647 inventutis
1885 3579 2158 3648 contumeliosae
2175 3581 2239 3647 ad-

1245 3707 1366 3755 versus
1383 3695 1564 3773 parentes,
1578 3678 1814 3770 Epicuraeum
1833 3691 2049 3748 contemtum
2065 3675 2240 3749 Christia-

1245 3811 1311 3855 nae
1328 3785 1529 3866 doctrinae,
1547 3782 1918 3875 etSacramentorum,
1935 3775 1971 3847 hi
1991 3783 2121 3851 abusus
2136 3784 2238 3851 dein-

1245 3912 1324 3979 ceps
1341 3886 1491 3957 tollendi
1511 3897 1604 3952 sunt.
1620 3936 1631 3944 .
1647 3880 1791 3953 Utinam
1810 3884 2061 3970 gubernatores
2076 3885 2240 3953 conside-

1244 4003 1394 4087 rarent,
1408 4011 1514 4079 quam
1533 4008 1672 4054 necesse
1688 3985 1732 4054 sit
1752 3998 1842 4053 recte
1861 3986 2029 4055 constitui
2046 4000 2079 4055 et
2095 3987 2238 4055 defendi

1245 4087 1643 4170 iudicialEcclesiastia,
1678 4111 1767 4179 quae
1800 4089 1828 4153 si
1859 4110 1933 4154 non
1968 4089 2255 4170 constituentur,'

1244 4206 1437 4287 sequentur
1455 4192 1566 4260 multo
1582 4189 1754 4257 tristiores
1770 4210 1928 4270 morum,
1955 4190 2178 4281 disciplinae,
2204 4205 2238 4258 et

1245 4297 1426 4365 doctrinae
1444 4293 1679 4363 confusiones.
2068 4363 2072 4372 f
2184 4306 2197 4322 ⁸

1347 4395 1400 4466 Ac
1424 4395 1579 4487 primum
1612 4392 1729 4461 sciunt
1757 4416 1879 4460 omnes
1908 4391 2047 4480 negotia
2080 4394 2237 4482 coniugii

1245 4523 1408 4589 magnam
1433 4510 1568 4587 partem
1594 4519 1666 4563 esse
1690 4487 1997 4578 vitaehumanae,
2023 4509 2058 4564 et
2080 4495 2237 4563 incidere

199 4609 323 4665 serunt
342 4611 488 4688 propter
514 4600 683 4669 libidines
710 4616 744 4670 et
766 4603 918 4670 ferocem
942 4597 1011 4668 Dei
1034 4613 1193 4669 contem·
1243 4615 1314 4671 tam
1344 4602 1475 4669 multas
1498 4611 1533 4669 et
1554 4597 1670 4666 varias
1694 4597 1970 4678 controversias,
1996 4611 2034 4666 ut
2051 4599 2092 4665 ad
2114 4598 2237 4685 cogni·

197 4710 292 4765 tum:
327 4695 473 4785 Quanto
494 4703 614 4772 minus
637 4704 823 4772 flectentur
843 4703 887 4770 ad
905 4702 1191 4772 reformationem
1242 4704 1376 4774 tionem
1396 4701 1619 4792 negotiorum
1635 4698 1873 4787 coniugalium
1890 4722 1978 4789 opus
2001 4700 2046 4768 sit
2066 4699 2236 4789 peculiari

198 4798 470 4891 praescriptam,
501 4803 539 4872 in
560 4806 740 4875 veteribus
764 4805 980 4889 canonibus,
1013 4830 1102 4897 quae
1126 4806 1192 4874 im·
1234 4805 1396 4893 ‚iudicio,
1420 4827 1480 4873 seu
1497 4802 1669 4895 peculiari
1686 4801 1828 4870 decuria
1844 4801 2012 4871 iudicum.
2061 4799 2134 4870 Nec
2159 4802 2234 4871 fieri
2277 4894 2282 4904 Ι

196 4900 295 4990 peria
314 4893 465 4994 eriperet
483 4919 517 4975 et
537 4907 749 4977 diminueret
766 4906 873 4996 opes?
1243 4921 1368 4998 potest,
1387 4921 1425 4975 ut
1442 4906 1573 4994 singuli
1589 4919 1744 4994 pastores
1762 4904 1798 4970 in
1812 4899 1981 4972 Ecclesiis
1997 4916 2134 4972 tantum
2153 4926 2234 4973 eru-

300 5002 341 5074 Si
357 5020 473 5074 autem
493 5006 662 5100 Episcopi
678 5024 712 5078 et
728 5008 898 5079 Canonici
913 5032 1057 5077 manere
1076 5003 1193 5078 hostes
1245 5011 1391 5078 ditionis
1418 5023 1452 5077 et
1473 5007 1596 5076 iudicii
1622 5001 1795 5088 habeant,
1828 5017 1870 5073 ut
1889 5000 1952 5073 has
1977 5005 2235 5076 controversias

196 5099 408 5193 Evangelii,
441 5123 474 5178 et
499 5113 700 5200 parricidae
717 5125 810 5180 recte
833 5111 1038 5180 docentium
1061 5112 1194 5194 votem,
1244 5111 1542 5181 rectediiudicare
1558 5109 1704 5200 possint.
1732 5104 1843 5196 Saepe
1852 5107 1946 5174 enim
1965 5108 2051 5176 adeo
2066 5108 2236 5177 obscurae

196 5203 287 5277 sicut
309 5209 454 5279 fuerunt
475 5207 663 5296 hactenus,
691 5213 1018 5282 commendabimus
1035 5210 1111 5281 Deo
1137 5214 1193 5282 iu-
1244 5227 1279 5282 et
1295 5213 1478 5282 intricatae
1494 5234 1633 5281 caussae
1649 5221 1750 5290 sunt,
1775 5222 1816 5278 ut
1838 5209 1942 5276 etiam
1959 5209 2071 5279 doctis
2089 5222 2123 5279 et
2139 5211 2233 5302 peri-

195 5306 329 5376 dicium
364 5325 399 5380 et
424 5306 497 5380 bae
533 5316 806 5407 compositiones
838 5316 967 5383 frustra
1000 5328 1193 5387 tentantur.
1245 5317 1291 5386 tis
1317 5315 1459 5384 difficile
1483 5315 1531 5383 sit
1550 5311 1796 5403 pronunciare.
1858 5308 1942 5379 ldeo
1963 5334 2101 5380 necesse
2123 5325 2173 5380 est
2195 5312 2233 5380 in

174 5405 278 5477 ·N0n
302 5412 395 5480 enim
419 5415 570 5507 abiicere
590 5418 844 5486 confessionem
863 5440 964 5487 verae
979 5417 1193 5486 necessariae
1245 5417 1350 5487 certis
1366 5416 1452 5486 locis
1466 5415 1678 5506 opportunis
1692 5407 1954 5503 †praeeipuis'',
1972 5415 2013 5481 ad
2032 5437 2121 5506 quae
2138 5438 2235 5482 acce·

196 5523 232 5579 et
253 5512 415 5584 salutaris
437 5518 618 5589 doctrinae
643 5518 753 5590 aDeo
779 5519 946 5603 traditae,
973 5534 1006 5589 et
1022 5519 1192 5609 sanguine
1244 5522 1327 5590 dere
1343 5513 1506 5588 homines
1528 5518 1604 5587 sine
1625 5515 1762 5606 magnis
1781 5515 1982 5606 sumptibus
2004 5530 2169 5606 possunt,
2195 5516 2233 5584 in
