4882 6426
98 369 170 444 ott
341 452 344 456 g
616 429 622 435 .
673 366 1118 494 urtstouatttttu
1166 366 1273 445 LIB.
1306 366 1370 444 IX.
1425 365 1556 446 1545.
2065 373 2140 448 642

199 538 335 615 Tertio.
389 543 654 614 Gubernandae
676 557 809 615 suntet
830 543 1097 635 disputationes,
1146 564 1252 632 quam
1272 540 1413 611 sonabit
1438 541 1476 610 in
1497 555 1652 612 extremo
1676 542 1825 614 iudicio:
1853 538 1992 616 Esarii
2008 555 2040 617 et
2053 570 2136 619 nan

98 671 172 716 uon
195 637 310 715 solum
327 640 660 736 Theologicac,sed
678 648 781 716 etiam
797 647 980 721 iuveniles.
1004 643 1094 713 Nam
1144 639 1296 711 cibastis
1327 666 1392 714 mc.
1452 642 1572 731 Quare
1603 658 1641 714 ut
1667 645 1791 715 literae
1825 663 2011 719 serventur
2040 651 2136 721 iuxta

95 749 283 820 assuefacti
301 749 345 815 ad
360 745 607 838 sophisticam,
633 762 694 819 aut
713 751 755 817 ad
773 749 1014 818 defensionem
1031 749 1096 816 ab·
1140 746 1344 816 mandatum
1364 743 1432 816 Dei
1453 761 1487 817 et
1506 761 1651 840 propter
1674 745 1852 818 Ecclesiae
1880 752 2133 838 necessitatem,

19 886 22 889 ·
98 851 287 921 surdarum
313 851 546 940 opinionum,
581 875 659 919 cum
685 865 803 939 postea
826 853 992 919 adferunt
1017 874 1093 918 eam
1139 849 1338 942 aliquorum
1359 874 1551 940 paucorum
1570 852 1691 920 saltem
1707 852 1949 941 collegiorum,
1977 867 2039 924 aut
2055 880 2132 924 mo.

98 952 392 1023 consuetudinem
409 955 454 1020 ad
470 953 647 1040 graviores
661 976 733 1035 res,
750 953 879 1022 ludunt
894 952 1001 1019 simili
1015 977 1093 1021 mo·
1139 952 1374 1021 nasteriorum
1392 952 1527 1020 reditus
1542 954 1586 1021 ad
1602 946 1741 1022 scholas
1757 955 2026 1027 transferantur.

97 1057 154 1126 do.
207 1052 329 1123 Discat
344 1053 452 1140 igitur
467 1055 632 1123 iuventus
647 1054 685 1121 iu
705 1055 848 1138 scholis,
878 1078 950 1122 non
976 1055 1092 1122 solum

96 1155 267 1228 admirari
285 1155 498 1224 celeritatem
517 1157 758 1244 ingeniorum,
779 1158 840 1225 sed
856 1156 1091 1243 multomagis

97 1281 215 1327 amare
237 1258 439 1340 veritatem,
464 1269 499 1325 et
522 1252 611 1326 lianc
628 1271 773 1375 propter
789 1254 905 1326 Deum
920 1258 959 1324 in
975 1257 1091 1349 quali-

75 1378 80 1399 ‘
96 1361 158 1429 bet
174 1359 320 1428 materia
336 1372 539 1427 reverenter
553 1361 656 1431 tueri.
1238 1358 1327 1428 Vult
1341 1357 1462 1428 Deus
1451 1384 1490 1428 ru
1513 1360 1617 1428 terris
1632 1360 1737 1429 etiam
1762 1359 1801 1428 in
1815 1355 1880 1430 hac
1893 1361 1966 1430 vita
1990 1384 2128 1451 semper

199 1459 348 1549 Quarto.
390 1457 588 1551 Disciplina
610 1455 861 1540 †christiana”
888 1461 1091 1529 instauran-
1134 1456 1311 1530 Ecclesne
1327 1461 1529 1553 reliquias
1510 1485 1601 1545 esse
1627 1475 1666 1530 ut
1684 1485 1721 1528 ιιι
1739 1462 1856 1555 ahqua
1871 1476 1970 1552 parte
1987 1486 2125 1552 genens

96 1566 142 1635 da
168 1575 237 1648 est,
264 1575 303 1630 ut
323 1563 559 1631 adolescentia
580 1563 772 1631 assuefacta
797 1564 842 1630 ad
869 1563 1090 1646 modestiam,
1135 1557 1282 1630 humani
1310 1562 1459 1632 luceat
1448 1562 1559 1653 ipsius
1585 1576 1618 1631 et
1633 1557 1768 1634 Chnsn
1790 1564 1934 1648 notitia,
1968 1579 2001 1634 et
2017 1561 2124 1636 Chri

97 1666 189 1734 etad
205 1664 422 1750 agnitionem
439 1665 652 1734 ettrmorem
668 1661 755 1744 Dei,
783 1666 918 1733 adferat
936 1659 1089 1732 hasvvr-
1134 1677 1208 1733 stus
1250 1657 1501 1735 haereditatem
1540 1659 1668 1734 habeat
1706 1689 1747 1733 ex
1787 1686 1913 1754 genere
1955 1661 2123 1742 humano.

96 1779 189 1839 tutes
218 1779 337 1855 postea
373 1767 417 1834 ad
449 1766 761 1854 gubernationem,
799 1778 875 1835 tum
902 1762 1089 1849 Ecclesiae,
1134 1763 1349 1857 Quanquam
1372 1779 1487 1835 autern
1508 1767 1634 1836 excitat
1659 1779 1693 1835 et
1716 1766 1898 1837 ministros
1913 1767 1987 1860 ipse
2002 1781 2036 1838 et
2050 1792 2123 1839 ser·
2199 1822 2206 1832 .

96 1882 173 1939 turn
195 1865 351 1956 Reipub.
402 1864 534 1955 Quales
556 1868 651 1936 euim
673 1867 786 1937 futuri
807 1881 890 1936 suut
910 1864 1089 1958 Episcopi,
1133 1880 1193 1936 vat
1216 1890 1277 1935 sua
1299 1868 1517 1958 praesentia,
1541 1882 1660 1937 tamen
1686 1863 1754 1937 hoc
1777 1870 1891 1938 modo.
1904 1870 2034 1941 utitur:
2063 1875 2123 1943 dat

96 1983 159 2041 aut
173 1982 349 2060 pastores,
375 1983 436 2038 aut
456 1968 663 2054 Senatores,
690 1969 752 2062 qui
776 1969 814 2037 iu
839 1964 969 2037 scholis
992 1969 1087 2037 vixe-
1132 1964 1304 2060 hospitia,
1336 1971 1472 2062 aliquas
1497 1970 1655 2061 politias,
1688 1966 1825 2060 Regum
1856 1985 1888 2036 et
1915 1969 2124 2064 Principum

95 2084 182 2141 runt
199 2085 433 2158 grassatorum
449 2095 564 2154 more,
590 2095 654 2140 nec
676 2071 877 2139 didicerunt
891 2070 1087 2139 doctrinam
1132 2071 1280 2161 imperia
1301 2084 1334 2139 et
1354 2072 1528 2155 civitates,
1554 2073 1617 2141 ubi
1637 2072 1893 2165 aliquantisper
1912 2073 1985 2143 sint
2001 2071 2124 2142 Eccle-

96 2168 302 2261 Evangelii,
330 2196 394 2240 uec
415 2196 451 2240 se
475 2174 519 2242 ad
545 2172 806 2241 invocationem
820 2169 889 2240 Dei
904 2173 972 2262 piis
989 2196 1088 2245 exer·
1132 2173 1224 2255 siae,
1250 2187 1285 2242 et
1308 2172 1422 2242 studia
1450 2174 1631 2264 colantur,
1653 2174 1788 2242 etiamsi
1810 2169 1930 2267 atii⁶⁰)
1946 2172 2061 2263 Reges
2088 2191 2122 2247 et

96 2273 475 2346 citiisassuefecerunt.
529 2271 688 2344 Multum
705 2274 798 2342 enim
818 2275 945 2357 refert,
966 2275 1088 2365 quales
1133 2273 1313 2364 Principes
1338 2291 1420 2346 sunt
1442 2275 1578 2344 inimici
1602 2272 1788 2345 Ecclesiae.
1847 2275 1969 2369 ltaque
1997 2274 2123 2366 Reges,

23 2381 29 2388 “
96 2400 212 2445 mores
233 2370 341 2444 bomo
364 2400 384 2443 a
408 2377 538 2445 teneris
558 2388 728 2459 assumat,
754 2388 788 2444 et
815 2376 927 2445 multo
952 2376 1088 2444 firmior
1131 2374 1316 2466 Principes
1332 2373 1703 2470 et⁵¹)guhernat0res,
1729 2379 1790 2472 qui
1805 2375 1922 2446 Deum
1944 2391 1978 2448 et
1992 2375 2121 2448 Domi·
2156 2416 2158 2425 >

98 2493 150 2548 est
173 2476 345 2545 malarum
371 2502 489 2546 rerum
513 2479 750 2559 consuetudo,
774 2501 880 2568 quam
900 2479 1087 2561 bonarum,
1131 2502 1219 2545 mnu
1240 2491 1400 2547 nostrum
1423 2478 1537 2547 lesum
1559 2473 1741 2550 Christum
1765 2503 1846 2548 vere
1870 2480 2056 2564 invocant,
2087 2496 2121 2552 et

96 2579 180 2672 quia
204 2592 330 2648 natura
351 2602 481 2671 sequax
504 2593 575 2664 est,
608 2604 689 2648 curn
719 2578 892 2665 invitatur
917 2580 961 2647 ad
990 2579 1086 2650 vitia.
1132 2580 1296 2668 diligunt
1354 2579 1496 2651 Sciant³
1499 2577 1700 2670 ²)politias
1724 2582 1852 2650 debere
1873 2575 2023 2671 hospitia
2048 2606 2121 2653 esse

97 2680 309 2770 Quaerenda
326 2693 407 2750 sunt
432 2680 541 2769 igitur
564 2681 715 2750 cousrba
729 2680 962 2772 discrpbuae
953 2695 1089 2751 rnstau
1131 2677 1391 2765 Ecclesiarum,
1422 2683 1514 2752 sicut
1537 2683 1707 2773 scriptum
1728 2695 1793 2751 est·
1826 2677 1973 2776 Aperite
1989 2693 2119 2777 portas

95 2784 240 2853 caudae.
1132 2776 1322 2876 Principes
1347 2791 1495 2856 vestras.
1554 2782 1652 2852 ldeo
1659 2784 1815 2853 suaviter
1833 2783 1976 2854 foveant
1996 2782 2121 2854 Eccle-

200 2881 348 2970 Quinto.
400 2880 443 2950 ln
470 2883 590 2953 multis
615 2884 766 2954 urbibus
783 2907 920 2973 magnis
936 2882 1087 2954 Germa
1133 2885 1219 2952 siam
1234 2882 1372 2968 †Dei,''
1396 2899 1430 2954 et
1439 2881 1588 2981 ⁸³)ante
1610 2909 1728 2954 omma
1748 2880 1894 2967 honore
1910 2886 2064 2955 afficiant
2086 2903 2120 2966 et

97 2984 197 3069 niae,
231 2985 294 3056 ubi
329 2984 475 3074 collegia
507 2983 770 3055 Canonicorum
808 3000 843 3056 et
873 2985 1086 3056 monasteria
1132 3009 1270 3055 servare
1287 2988 1450 3058 studeant
1466 2987 1703 3057 ministerium
1717 2984 1924 3076 Evangelii,
1949 3001 1982 3057 et
1996 3002 2120 3058 curent

95 3087 284 3178 locupletia
307 3100 340 3157 ct
363 3089 476 3156 multa
499 3101 601 3170 sunt,
635 3088 727 3157 nulli
751 3089 886 3157 reditus
907 3084 1086 3156 Ecclesia·
1131 3102 1172 3158 ut
1195 3101 1352 3179 pastores
1372 3086 1613 3157 Ecclesiarum
1636 3083 1789 3158 habeant
1811 3089 1944 3158 victum
1967 3091 2120 3159 etadiu-

88 3176 176 3257 ¹stici
199 3188 362 3257 attributi
383 3203 466 3258 sunt
490 3183 630 3258 scholis.
689 3187 810 3277 Quare
839 3213 903 3258 nec
926 3180 1088 3283 †docto-
1131 3203 1215 3259 vent
1237 3214 1302 3280 pro
1327 3211 1389 3258 sua
1411 3190 1596 3259 vocatione
1618 3191 1905 3280 propagationem
1922 3187 2120 3278 Evangelii,

97 3288 170 3359 res''
187 3290 309 3359 idonei
327 3290 476 3359 conduci
490 3304 638 3381 possunt
652 3314 717 3359 nec
734 3291 778 3359 ali
799 3313 968 3381 pauperes
984 3283 1087 3358 scho-
1131 3292 1221 3361 sicut
1246 3292 1285 3360 in
1298 3287 1403 3360 Esaia
1425 3291 1656 3382 praecipitur:
1688 3285 1810 3383 Reges
1834 3299 1938 3360 erant
1962 3290 2120 3361 nutrito-

97 3391 222 3464 lastici.
273 3389 419 3460 Certum
436 3406 487 3460 est
502 3406 618 3460 antem
633 3393 767 3482 primos
782 3392 916 3460 reditus
932 3391 1087 3480 collegiis
1132 3415 1207 3472 res,
1242 3401 1273 3460 et
1303 3386 1472 3483 Reginae
1505 3391 1673 3461 natrices.
1738 3390 1926 3481 Quaelibet
1957 3408 2121 3484 potestas,

98 3490 248 3563 donatos
264 3516 354 3578 esse,
366 3510 368 3514 ·
380 3495 565 3585 praecipue
583 3508 728 3585 propter
748 3489 811 3562 has
832 3495 920 3563 duas·
939 3516 1088 3578 caussas,
1132 3494 1309 3587 quaelibet
1331 3489 1488 3584 Respub.
1511 3496 1708 3584 exemplum
1724 3493 1793 3562 sibi
1808 3495 2029 3584 propositum
2047 3519 2119 3564 esse

96 3608 243 3686 propter
273 3595 511 3663 ministerium
543 3591 750 3684 Evangelii,
790 3609 824 3665 ct
855 3597 901 3664 ad
933 3594 1087 3663 iuvanda
1132 3602 1237 3663 ducat
1250 3595 1288 3661 in
1305 3596 1411 3663 vidua
1426 3594 1630 3684 Sareptana.
1672 3590 1720 3663 Et
1734 3609 1774 3664 ut
1789 3594 1850 3664 illa
1869 3597 2032 3687 quamvis
2049 3597 2119 3664 dif-

98 3695 218 3766 studia'
243 3695 435 3769 doctrinae.
502 3695 586 3765 ldeo
617 3696 849 3765 iustissimum
886 3708 954 3777 est,
990 3718 1087 3763 nunc
1131 3695 1216 3764 licili
1228 3709 1387 3785 tempore
1409 3695 1539 3787 exeipit
1561 3709 1596 3764 et
1611 3695 1707 3786 pavit
1719 3692 1857 3780 Eliam,
1885 3696 1932 3764 ita
1955 3721 2050 3766 nunc
2071 3698 2121 3766 si-

99 3821 240 3891 quoque
268 3800 310 3866 ad
336 3793 399 3867 has
416 3799 503 3866 duas
525 3821 580 3866 res
606 3797 757 3867 maxime
786 3796 999 3865 necessarias
1022 3796 1088 3863 ali·
1131 3798 1229 3866 milia
1244 3796 1357 3866 officia
1375 3798 1495 3866 deberi
1517 3797 1715 3866 ministerio
1730 3793 1918 3888 Evangelii
1932 3799 2094 3871 sciamus.

97 3899 183 3993 quid
203 3922 242 3968 ex
258 3899 502 3990 tantrsoprbus
518 3900 747 3988 collegiorum
762 3900 961 3970 transferre
985 3895 1088 3965 Hanc
1233 3897 1335 3968 Sed
1324 3923 1363 3966 ιιι
1388 3894 1444 3966 his
1464 3899 1650 3968 furoribus
1663 3894 1848 3967 bominum
1863 3923 1937 3969 non
1951 3901 2120 3970 diuturna

97 4001 315 4070 voluntatem
341 4025 414 4070 esse
436 3997 569 4071 Christi
594 4015 628 4069 et
642 3998 818 4074 Ecclesiae
837 3998 905 4069 Dei
924 4024 997 4069 uon
1020 4001 1088 4068 du·
1131 4003 1278 4070 fuerunt
1300 3996 1453 4094 hospitia
1469 3997 1673 4069 Ecclesiae
1662 4024 1704 4068 ιιι
1715 4000 1841 4068 nsdem
1860 3999 1965 4085 locis,
1991 4016 2031 4071 ut
2053 4004 2120 4070 du·

92 4102 200 4173 bium
219 4115 280 4171 est.
332 4101 422 4174 Nam
437 4098 626 4174 Christus
616 4102 749 4195 inquit
775 4094 855 4197 Qui
876 4095 1012 4170 dederit
1034 4095 1090 4169 vel
1133 4126 1198 4172 nec
1214 4097 1340 4191 loseph
1356 4102 1461 4185 vrxrt
1485 4102 1671 4170 mediocris
1689 4091 1926 4192 tranquillatas
1941 4099 2119 4171 Ecclesiae

97 4210 223 4302 potam
247 4227 367 4300 aquae
391 4201 460 4272 nai
488 4228 534 4273 ex
558 4202 725 4273 minimis
754 4227 914 4272 arearum
941 4209 1090 4319 propter
1134 4218 1206 4272 erat
1228 4204 1266 4270 in
1288 4201 1466 4295 Aegypto.
1493 4201 1578 4272 Post
1598 4199 1803 4274 annos140
1826 4199 2119 4293 amorteloseph

102 4300 325 4393 doctrinam,
351 4300 501 4375 habebit
526 4301 717 4375 mercedem
738 4329 859 4378 suam.
911 4303 1032 4373 Vult
1023 4298 1090 4393 egi·
1135 4328 1270 4393 egressa
1295 4318 1344 4372 cst
1368 4329 1409 4371 ex
1428 4301 1587 4396 Aegypto
1610 4319 1644 4372 et
1673 4305 1771 4372 aliud
1794 4298 1987 4394 hospitium
2012 4329 2119 4398 quac-

102 4421 161 4478 tur
178 4409 337 4478 doctores
352 4422 385 4478 et
406 4408 625 4498 discipulos
615 4431 739 4499 inopes
753 4408 869 4475 bonae
884 4405 958 4495 spei
983 4404 1031 4473 ali
1057 4416 1091 4473 et
1135 4407 1228 4476 sivit.
1269 4402 1389 4498 Cyrus
1411 4418 1445 4474 et
1459 4401 1667 4473 Artaxerxes
1683 4405 1920 4491 defenderunt
1934 4401 2119 4501 Iudaeam:

100 4509 226 4583 iuvari.
277 4508 326 4579 Et
343 4536 434 4580 cum
439 4534 562 4579 omues
583 4511 703 4578 dicant
722 4510 857 4578 redttus
870 4505 1092 4576 Ecclesiaste
1134 4521 1253 4598 postea
1271 4502 1394 4575 Ochus
1409 4506 1598 4575 crudebter
1614 4529 1689 4575 eam
1704 4506 1840 4578 afflixit
1888 4503 1972 4575 ldeo
1986 4521 2121 4576 secutae

101 4635 158 4682 cos
184 4634 256 4680 esse
276 4613 371 4681 bona
390 4610 587 4695 Ecclesiae,
620 4612 650 4678 si
671 4610 745 4702 ipsa
767 4607 924 4680 Ecclesia
948 4606 1092 4676 domina
1134 4622 1217 4679 sunt
1233 4631 1382 4699 poenae
1408 4623 1441 4680 et
1456 4607 1606 4677 mutatio
1622 4628 1720 4696 regm
1739 4605 1889 4689 Persici,
1914 4608 2004 4679 sicut
2020 4632 2121 4699 saepe
2194 4664 2197 4668 .

102 4707 229 4782 harum
256 4738 374 4783 rerum
396 4716 653 4802 interrogetur,
677 4737 724 4781 an
741 4712 825 4780 velit
837 4724 993 4802 pastores
1015 4707 1091 4798 pios
1135 4711 1221 4781 alias
1241 4706 1398 4790 †Deus”
1422 4710 1562 4801 punivit
1581 4708 1749 4779 iniustam
1768 4708 2008 4799 asperitatem,
2033 4735 2122 4803 quae

36 4832 43 4841 ⁸
102 4830 135 4885 et
153 4816 275 4883 doctos
295 4841 375 4884 cum
397 4815 608 4903 coniugibus
625 4827 660 4883 et
678 4813 800 4883 liberis
814 4812 906 4880 fame
923 4811 1091 4879 contabe-
1135 4813 1173 4879 iu
1199 4812 1393 4880 sacerdotes
1414 4806 1648 4900 Evangelium
1671 4811 1835 4879 docentes
1862 4822 1897 4879 et
1925 4810 2013 4880 alios
2046 4811 2124 4901 pios

102 4919 217 4999 scere,
250 4931 310 4986 aut
330 4912 467 4985 scholas
489 4916 622 5000 deseri,
647 4930 681 4984 et
704 4912 815 4984 deleri
839 4912 955 4981 studia
970 4911 1091 4980 litera·
1135 4926 1285 5004 grassata
1310 4925 1372 4981 est.
1423 4911 1546 4982 Sciant
1567 4912 1676 5001 igitur
1704 4924 1890 5003 potestates
1913 4912 1982 4980 sibi
2006 4937 2023 4980 a
2046 4911 2122 4982 Deo

100 5042 201 5101 rum,
226 5018 369 5088 iuterim
387 5043 471 5087 vcro
487 5031 584 5086 tanta
598 5016 738 5107 agmina
754 5017 964 5105 ignavorum
986 5027 1020 5082 et
1035 5011 1093 5080 in-

103 5120 289 5189 doctorum
320 5120 489 5209 saginari,
528 5117 615 5209 quid
651 5131 814 5208 putamus
843 5136 1091 5208 responsuram

103 5221 202 5289 esse?
253 5219 413 5290 Primum
435 5233 526 5289 certe
543 5220 695 5302 diceret,
718 5217 801 5285 filiis
824 5215 896 5286 suis
913 5216 1093 5307 opitulau-
1171 5219 1216 5286 ⁵⁰)
1234 5217 1299 5274 ¹²²2·
1316 5220 1369 5273 ⁰11³
1381 5220 1480 5273 ''¹¹¹1‘’-

1247 1118 1308 1191 Dc
1334 1122 1426 1193 victa
1462 1130 1494 1191 et
1527 1116 1738 1219 defensione
1772 1120 2025 1198 ministrarum

1522 1220 1737 1317 Evangelii.

104 5323 191 5392 datm
215 5347 309 5405 esse,
343 5337 376 5390 et
400 5345 480 5391 vere
504 5321 568 5388 filii
589 5316 765 5389 Ecclesiae
791 5330 873 5387 sunt
894 5313 1004 5409 tpii'
1031 5338 1092 5405 pa·
1172 5301 1502 5438 ⁵¹{u2'2021532ffi‘ss‘1
1522 5299 1585 5356 333·
1605 5311 1814 5372 333339333333
1826 5301 1996 5359 3333333333
2016 5304 2127 5362 TW

39 5414 51 5434 ⁹
104 5438 216 5494 stores
232 5437 266 5492 et
286 5421 398 5514 tpit'·
415 5418 624 5491 scholastici.
674 5416 1093 5490 Commonefacietetiam
1172 5457 1218 5525 52)
1237 5455 1347 5525 Serani]
1366 5455 1430 5510 pa,
1448 5455 1600 5510 11,·„,·„„,

28 5598 35 5607 ,
102 5522 319 5617 Episcopos,
345 5524 510 5614 collegia,
529 5535 563 5592 et
579 5535 764 5613 potestates
786 5522 830 5595 de
852 5543 937 5590 voce
950 5513 1130 5602 Cbrrstr,
1174 5540 1220 5613 ω)
1238 5541 1301 5598 p„
1319 5541 1408 5597 ,adm
1426 5545 1500 5599 caree
1509 5542 1646 5596 monendo
1655 5551 1791 5616 mque,

156 5630 335 5696 Μιιιιιιιι.
351 5630 456 5697 Orsa.
481 5627 566 5696 Vos..
577 5627 621 5694 V.
985 5703 997 5709 .
1324 5611 1372 5686 41
