4868 6420
121 352 147 430 a
364 296 366 301 ’
702 347 1142 432 ιιιιιοιιιιιιιι
1191 352 1304 469 ιιι..
1336 348 1401 434 ιιι.
1455 352 1618 430 asts·
2112 358 2160 433 ιο

121 530 379 626 aliquantisper
402 531 588 616 sedantur,
619 552 665 599 ne
686 527 938 599 loetificantem
961 523 1119 622 Halcyo-
1167 527 1332 619 permitto
1347 524 1481 597 iudicio
1496 527 1636 618 piorum
1651 529 1907 620 ettdoetorum,
1940 551 2029 625 quos
2052 527 2157 601 etiam

123 657 205 703 nem
222 633 429 722 impediant.
482 631 589 722 Quod
614 631 722 719 igitur
742 628 839 701 Deus
862 629 1118 723 aliquantisper
1167 630 1238 699 scio
1254 630 1444 699 candorem
1461 629 1500 697 in
1517 629 1705 700 iudicando
1722 627 1901 706 adhibere.
1952 631 2001 704 Et
2014 647 2055 703 ut
2070 631 2159 702 alias

123 734 437 828 tranquillitatem,
470 748 638 829 tanquam
661 730 859 825 Halcyonia
882 726 938 800 his
960 730 1118 820 regioni·
1167 731 1215 801 ita
1232 755 1328 801 nunc
1344 744 1507 802 testatum
1524 730 1605 802 volo
1621 734 1665 801 de
1682 734 1914 823 dignitatibus
1929 758 1987 804 me
2008 756 2158 804 consen*

118 837 192 906 bus
211 836 330 920 dedit,
363 837 448 904 dum
464 833 698 926 Evangelium
717 833 951 916 illucesceret,
974 854 1117 921 agamus
1166 854 1245 902 curn
1268 831 1491 902 ecclesiarum
1516 849 1716 905 nostrarum
1740 836 1922 928 amplecti,
1955 860 2059 928 quem
2077 832 2158 927 qui·

123 935 316 1028 eigratias,
341 950 376 1006 et
390 937 483 1005 veris
498 961 539 1007 ac
558 938 626 1029 piis
649 928 741 1004 rotis
762 946 921 1025 petamus
942 932 1118 1026 tranquil·
1167 935 1248 1003 dem
1271 933 1503 1004 certissimum
1527 947 1579 1023 est
1598 957 1680 1003 vere
1702 958 1776 1006 esse
1796 960 2006 1008 consensum
2028 928 2157 1028 'perpe-

58 1117 61 1120 ‘
121 1039 258 1109 litatem
280 1038 319 1106 in
341 1052 543 1129 posterum,
581 1051 622 1108 ut
645 1037 810 1105 iuventus
833 1034 891 1126 pie
914 1034 1057 1104 educari
1077 1056 1117 1102 ac
1166 1047 1268 1105 tuum
1284 1034 1447 1104 ecclesiae
1462 1030 1652 1105 catholicae
1664 1033 1744 1106 Dei.
1794 1036 1880 1108 ldeo
1896 1051 1930 1109 et
1942 1038 2075 1116 iudicio
2091 1060 2159 1104 no-

122 1139 244 1211 doccri
267 1152 393 1234 queat,
434 1153 469 1209 et
490 1154 530 1210 ut
552 1134 691 1209 honesti
720 1127 755 1205 et
784 1135 835 1226 pii
864 1136 1117 1225 gubernatores
1165 1150 1318 1206 strarum
1342 1134 1565 1206 ecclesiarum
1586 1137 1705 1207 omnia
1730 1161 1808 1207 mea
1838 1140 1966 1231 scripta
1998 1137 2160 1208 subiicio.

123 1241 348 1333 disciplinam
371 1263 491 1329 regere
514 1255 548 1311 et
569 1239 662 1311 tueri
685 1237 831 1329 possint.
896 1233 976 1306 Etsi
1000 1249 1117 1307 autem
1166 1233 1258 1308 Cum
1275 1251 1392 1308 autern
1408 1237 1576 1308 usitatum
1594 1237 1639 1310 sit
1651 1237 1877 1332 Principibus
1893 1239 2056 1310 dedicare
2071 1237 2160 1319 scri÷

123 1340 466 1433 semperEcclesiam
478 1365 625 1433 magnae
639 1339 862 1409 difficultates
876 1350 1118 1423 exercuerunt,
1166 1349 1248 1432 pta,
1282 1352 1316 1409 et
1339 1332 1398 1408 hic
1417 1361 1495 1408 mos
1517 1341 1645 1414 multas
1670 1335 1797 1411 habeat
1817 1344 2018 1434 probandas
2031 1356 2066 1414 et
2080 1364 2160 1431 gra-

122 1457 243 1515 tamen
258 1456 293 1514 et
312 1467 367 1513 res
390 1445 564 1528 ostendit,
590 1457 625 1514 et
638 1439 735 1512 Deus
758 1438 934 1531 praedixit
953 1438 1116 1509 ultimam
1167 1464 1227 1510 ves
1260 1463 1400 1524 causas,
1441 1435 1534 1509 hanc
1566 1440 1850 1512 lucubrationem
1881 1444 1947 1514 tibi
1980 1442 2161 1517 lllustriss..

121 1546 250 1614 mundi
281 1558 455 1614 senectam
483 1545 638 1614 suturam
668 1542 781 1610 multo
815 1541 1116 1609 aerumnosiorem
1165 1539 1336 1632 Princeps
1351 1541 1512 1611 dedicare
1525 1542 1646 1629 volui,
1675 1547 2039 1638 utcumvoluntatem
2062 1559 2160 1615 tuam

120 1646 366 1738 superioribus
393 1647 579 1719 aetatibus.
637 1642 710 1713 Nec
739 1665 823 1710 vero
853 1642 983 1711 frustra
1014 1665 1116 1732 prac-
1168 1666 1247 1733 erga
1260 1641 1454 1712 Ecclesiam
1473 1640 1624 1729 Christi,
1655 1659 1688 1715 et
1712 1642 1858 1716 honesta
1883 1648 1999 1717 studia
2023 1642 2161 1717 laudari

122 1748 298 1817 dictiones
318 1748 433 1817 editae
455 1760 556 1832 sunt,
588 1745 666 1816 vult
691 1767 749 1812 eas
771 1741 841 1831 legi
861 1739 977 1826 Deus,
1010 1756 1050 1813 ut
1067 1742 1117 1834 pii
1167 1743 1327 1828 audiam,
1359 1744 1512 1814 vicissim
1535 1741 1626 1815 hanc
1646 1759 1744 1816 tuam
1759 1748 1926 1820 virtutem
1944 1742 2161 1818 scholasticis

120 1863 333 1941 praeparent
352 1849 489 1918 animos
514 1851 558 1918 ad
580 1843 792 1934 multiplicia
816 1843 1028 1928 certamina,
1061 1844 1118 1912 di·
1167 1844 1385 1936 praedicem,
1426 1869 1554 1939 eosque
1580 1842 1764 1933 adhorter,
1805 1873 1841 1918 se
1864 1853 1906 1919 ad
1933 1851 2162 1920 amandoset

121 1963 223 2020 scant
238 1974 328 2044 quae
344 1951 389 2021 sit
405 1975 487 2018 vera
506 1948 572 2018 Dei
589 1945 766 2030 Ecclesia,
797 1943 836 2013 in
859 1968 929 2034 qua
952 1944 1118 2016 videlicet
1167 1950 1387 2016 venerandos
1409 1946 1522 2016 bonos
1544 1962 1579 2020 et
1602 1949 1771 2019 salutares
1792 1948 1977 2044 Principes
1998 1951 2162 2023 adsuefa-

60 2135 70 2140 ,
122 2066 227 2121 sonat
241 2077 308 2120 vox
327 2049 515 2140 Evangelii
530 2051 595 2119 filii
610 2046 696 2131 Dei,
728 2046 841 2115 sciant
858 2041 949 2113 hanc
970 2047 1118 2116 dimica·
1168 2049 1280 2132 ciant,
1311 2063 1345 2118 et
1360 2048 1512 2117 assiduis
1530 2049 1691 2141 precibus
1708 2049 1785 2122 Deo
1804 2055 2054 2123 commendent
2068 2052 2163 2144 poli-⁴

121 2166 239 2225 turam
263 2175 336 2222 esse
357 2170 437 2222 cum
461 2148 622 2222 hostibus
646 2143 803 2233 Christi,
836 2146 898 2240 qui
924 2147 1029 2216 nobis
1055 2172 1116 2217 sua
1168 2150 1234 2218 tias
1256 2162 1289 2218 et
1302 2148 1428 2217 ‘fideles
1451 2151 1712 2237 gubernatores.
1778 2151 1909 2243 Magna
1933 2169 1985 2225 est
2012 2151 2161 2225 humani

121 2269 236 2324 morte
253 2253 341 2335 iram
357 2254 490 2324 aeterni
510 2252 620 2343 patris
634 2249 803 2342 placavit,
835 2261 869 2318 et
893 2248 1118 2319 resuscitatus
1168 2250 1304 2339 generis
1318 2249 1521 2334 iufirmitas,
1555 2275 1703 2341 magnus
1718 2253 1818 2322 furor
1833 2255 1987 2336 diaboli,
2023 2256 2162 2348 quiar-

122 2368 265 2444 regnat,
298 2367 338 2425 ut
363 2350 558 2424 Ecclesiam
592 2375 692 2421 suam
724 2353 833 2419 donet
865 2348 938 2418 vita
964 2364 1118 2435 aeterna,
1168 2353 1256 2421 dens
1270 2351 1353 2419 odio
1368 2348 1454 2431 Dei,
1487 2353 1582 2450 sicut¹
1593 2354 1727 2443 primos
1744 2370 1907 2446 parentes
1928 2357 2091 2449 impulit,
2121 2369 2162 2426 ut
2272 2356 2279 2367 ’

120 2455 233 2527 sciant
245 2456 351 2526 finem
367 2450 495 2525 harum
512 2476 762 2525 aerumnarum
779 2452 872 2534 tore,
895 2474 976 2519 cunr
992 2448 1118 2520 Eccle-
1168 2467 1311 2522 ruerent
1329 2452 1365 2520 in
1384 2446 1446 2520 has
1461 2476 1663 2523 aerumnas:
1699 2453 1750 2525 lta
1764 2471 1933 2547 perpetuo
1956 2480 2083 2528 nocere
2105 2481 2162 2526 ee·

120 2559 170 2626 sia
194 2582 236 2626 ex
257 2571 372 2629 morte
396 2551 601 2627 resuscitata
623 2553 811 2624 ornabitur
829 2565 969 2621 aeterna
993 2552 1117 2642 gloria.
1168 2553 1291 2623 clesiae
1308 2556 1444 2637 studet,
1476 2576 1516 2622 ac
1538 2555 1726 2648 praecipue
1746 2580 1885 2627 summo
1907 2560 2000 2630 vitae
2023 2558 2161 2647 fastigio

120 2657 176 2732 Dc
199 2652 256 2728 his
277 2660 383 2729 rebus
401 2684 480 2728 cum
498 2656 635 2749 prolixe
651 2678 716 2723 nos
732 2651 829 2724 Deus
847 2651 886 2719 in
899 2653 1030 2742 scripto
1043 2652 1117 2722 Da·
1168 2655 1368 2724 insidiatur.
1424 2653 1496 2722 Nec
1529 2655 1603 2724 ulla
1636 2669 1732 2725 tanta
1765 2673 1816 2728 est
1848 2660 2038 2750 sapientia,
2073 2662 2162 2754 quae

124 2760 229 2829 nielis
250 2761 530 2852 praemonuerit,
570 2772 770 2848 temporum
797 2751 903 2823 etiam
929 2754 1054 2823 scriem
1084 2769 1117 2824 et
1167 2769 1339 2849 quantum
1355 2755 1408 2836 ¹sit
1431 2753 1468 2820 in
1489 2756 1587 2822 omni
1606 2758 1862 2844 gubernatione
1880 2761 2047 2849 periculi,
2078 2748 2163 2830 satis

121 2874 233 2931 metas
248 2863 369 2955 aliquo
386 2863 493 2930 modo
511 2856 755 2940 constituerit,
788 2853 1117 2926 certcbonismen-
1168 2856 1352 2942 intelligat.
1412 2853 1532 2942 Quare
1565 2855 1748 2949 Principes
1781 2862 1963 2932 coniuncti
1998 2862 2162 2932 ecclesiae

122 2963 218 3032 tibus
232 2957 318 3032 haec
336 2962 439 3032 lectio
455 2961 555 3032 utilis
569 2972 631 3034 est.
683 2955 779 3046 Quid
798 2957 895 3049 quod
913 2957 1117 3046 voxangeli
1167 2955 1254 3042 Dei,
1298 2955 1459 3040 omnium
1485 2957 1626 3046 piorum
1651 2961 1742 3028 votis
1765 2961 1962 3031 adiuvandi
1988 2977 2089 3045 sunt,
2121 2974 2163 3033 ut

120 3064 159 3132 in
172 3065 243 3132 fine
259 3059 367 3132 huius
383 3063 505 3156 scripti
521 3058 699 3143 hortatur,
724 3058 885 3127 ultimam
905 3070 1051 3126 aetatem
1072 3063 1115 3127 ad
1167 3057 1263 3130 Deus
1279 3071 1459 3142 aeternus,
1484 3058 1544 3150 qui
1560 3059 1621 3128 dat
1636 3061 1783 3130 salutem
1799 3059 1979 3152 Regibus,
2006 3077 2048 3134 ut
2063 3062 2162 3132 Psal-

120 3160 213 3235 hanc
235 3165 442 3249 lectionem,
473 3189 555 3234 cum
578 3163 642 3232 ait:
670 3160 788 3232 Stabis
807 3155 937 3227 Daniel
960 3158 997 3227 in
1022 3175 1117 3230 sorte
1166 3184 1245 3228 mus
1261 3159 1396 3251 inquit,
1422 3158 1567 3227 consilia
1583 3183 1706 3230 eorum
1723 3176 1831 3251 regat,
1854 3188 1893 3233 ac
1906 3179 2042 3235 mentes
2057 3177 2162 3256 atque

122 3267 341 3351 tuainlino,
373 3267 503 3350 idest,
531 3264 947 3354 fungeristuomunere,
973 3261 1116 3329 docebis
1167 3262 1318 3352 impetus
1334 3262 1376 3328 ad
1395 3284 1492 3328 suam
1511 3275 1544 3329 et
1558 3262 1737 3351 publicam
1755 3265 1905 3334 salutem
1919 3266 2048 3341 flectat.
2086 3263 2164 3334 Hae

119 3380 156 3437 et
175 3368 400 3436 confirmabis
422 3368 511 3457 pios.
568 3363 617 3436 Et
638 3358 801 3435 Christus
831 3384 906 3428 non
935 3366 1041 3430 modo
1071 3363 1114 3430 ad
1167 3365 1211 3431 dc
1233 3385 1271 3430 re
1285 3361 1450 3430 Lectores
1473 3362 1511 3428 in
1532 3356 1599 3429 hoc
1614 3385 1740 3452 genere
1756 3365 2021 3438 dedicationum
2038 3366 2163 3436 admo·

120 3470 309 3540 lectionem
325 3469 400 3539 eius
413 3492 478 3538 nos
495 3467 657 3546 deducit,
687 3467 748 3534 sed
768 3461 873 3533 etiam
889 3461 986 3531 iubet
1002 3477 1116 3534 atten-
1166 3463 1387 3534 nendisunt.
1419 3459 1519 3552 lpsos
1532 3463 1637 3533 etiam
1651 3463 1835 3556 Principes
1847 3464 1952 3538 lectio
1967 3468 2162 3539 illustrium

119 3584 177 3641 tos
197 3571 422 3639 considerare
449 3572 494 3640 de
516 3568 658 3663 quantis
680 3567 785 3634 rebus
812 3584 878 3630 nos
900 3566 1022 3633 doceat
1043 3563 1116 3633 Da·
1166 3563 1408 3652 exemplorum
1425 3557 1587 3632 hortetur
1601 3566 1643 3634 ad
1660 3568 1961 3654 moderationem,
1992 3570 2091 3639 etad
2115 3569 2163 3639 ti-

120 3670 228 3740 nielis
259 3672 432 3754 narratio,
475 3695 555 3741 cum
588 3670 652 3739 ait:
696 3664 770 3754 Qui
802 3664 905 3753 legit,
947 3668 1114 3738 attendat.
1165 3689 1302 3734 morem
1318 3661 1405 3744 Dei,
1438 3687 1529 3756 quae
1552 3664 1695 3757 quidem
1718 3691 1759 3735 eo
1776 3671 1963 3761 proposuit
1979 3669 2095 3756 Deus,
2122 3685 2163 3744 ut

67 3788 74 3798 “
119 3771 237 3842 Tanta
254 3772 446 3843 autoritate
469 3793 693 3853 moveamur,
722 3780 762 3837 ut
787 3762 854 3835 hoc
879 3766 1047 3856 scriptum
1071 3767 1114 3834 li·
1165 3764 1403 3857 posteritatem
1427 3769 1470 3833 ad
1493 3765 1635 3835 virtutis
1656 3769 1813 3838 studium
1836 3786 1988 3842 vocaret.
2046 3771 2161 3842 Deum

120 3875 248 3943 benter
268 3887 302 3942 et
326 3873 483 3942 studiose
504 3873 671 3959 legamus.
731 3865 879 3937 Accedit
900 3861 986 3952 hnc,
1017 3869 1112 3960 qrurd
1165 3882 1346 3937 aeternum
1380 3879 1516 3957 patrem
1546 3867 1745 3939 liberatoris
1773 3872 1886 3940 nostri
1922 3872 2001 3942 lesu
2027 3869 2161 3944 Christi

119 3996 242 4045 revera
271 3970 437 4066 Epitome
464 3987 515 4043 est
546 3969 713 4042 historiae
742 3967 868 4036 mundi
896 3968 980 4037 inde
1001 3992 1114 4060 nsque
1165 3982 1239 4040 toto
1261 3981 1400 4060 pectore
1416 3994 1499 4051 oro,
1532 3981 1573 4038 ut
1597 3981 1631 4039 te
1652 3986 1766 4042 servet
1789 3973 2025 4060 incolumem,
2057 3989 2091 4045 et
2113 3974 2162 4044 ita

121 4076 270 4166 aprima
289 4071 514 4157 monarchia,
547 4088 582 4143 et
602 4072 758 4162 exempla
782 4071 958 4138 bonorum
982 4082 1016 4138 et
1037 4096 1114 4139 ma·
1164 4083 1279 4159 regat,
1310 4082 1351 4139 ut
1374 4080 1433 4138 tua
1459 4069 1667 4157 gubernatio
1682 4072 1729 4143 sit
1742 4074 1854 4145 fausta
1871 4087 1906 4145 et
1922 4075 2030 4146 foelix
2046 4074 2113 4146 tibi
2130 4080 2164 4143 et

119 4173 236 4246 lorum
255 4175 462 4267 Principum
478 4174 628 4245 illustria
650 4171 828 4264 proponit.
880 4169 949 4241 Sed
975 4174 1018 4239 de
1041 4173 1113 4240 uti·
1166 4173 1315 4263 patriae,
1351 4192 1391 4237 ac
1405 4167 1589 4240 ¹Ecclesiae
1608 4167 1761 4259 Christi,
1799 4199 1889 4269 quae
1917 4190 1969 4246 est
1990 4177 2100 4247 altera
2130 4174 2164 4245 e'l

118 4278 279 4348 litatibus
305 4291 427 4367 postea
451 4278 553 4368 plura
580 4276 707 4344 dicam.
772 4268 848 4360 Ego
876 4271 1039 4364 quidem,
1073 4286 1113 4342 ut
1163 4273 1282 4341 verior
1295 4270 1421 4364 patria.
1474 4268 1621 4341 Calend.
1640 4269 1741 4349 lanu.
1769 4270 2139 4354 AnnoMJtXLtlb

119 4375 347 4459 scholasticos
362 4379 405 4448 ad
425 4373 516 4447 hanc
537 4377 724 4445 lectionem
749 4374 954 4456 invitarem,
988 4374 1113 4441 breves

117 4480 365 4550 annotationes
400 4479 507 4550 edidi.
573 4475 664 4546 Tarn
697 4475 869 4554 foecunda
903 4485 987 4542 sunt
1019 4475 1111 4543 dicta

118 4577 401 4674 Prophetarum,
430 4593 472 4649 ut
492 4574 671 4649 exhauriri
692 4601 765 4646 non
786 4575 931 4666 possint.
986 4573 1112 4662 Quan-
1161 4602 1228 4675 No·
1244 4604 1357 4677 2616·
1704 4584 1709 4593 ’
1986 4616 2044 4696 (in.
2063 4614 2146 4705 Im)

118 4707 229 4778 qnam
251 4683 359 4773 igitur
377 4680 613 4770 magnitudini
631 4692 918 4767 argumentorum
936 4669 973 4741 hi
990 4675 1112 4762 ieiuni,
1168 4688 1340 4728 Μ
1979 4707 2152 4737 Μ

119 4799 155 4855 ct
179 4785 297 4855 ra'utili
319 4783 564 4853 commentarii
587 4802 660 4848 non
684 4778 937 4848 satisfaciunt:
973 4775 1110 4847 Tamen
1349 4779 1585 4891 Praefatio
1617 4792 1662 4871 gn
1685 4786 1969 4875 Alcoranum·

120 4890 268 4979 prodest
297 4886 519 4956 iuventutem
544 4879 805 4951 commouelieri
835 4881 878 4945 de
913 4878 1110 4969 praecipuis

118 4987 295 5071 000¹¹0
314 5000 350 5057 0¹
365 4985 466 5080 ¹00¹
482 4985 591 5073 ¹0¹0
608 4981 797 5051 0000000
888 4978 994 5062 ¹0
1021 5004 1110 5071 0000
1229 4962 2160 5116 ¹23:attalicas,..tuscanicaetraete,03¹2

117 5088 268 5161 studiosi
289 5100 408 5180 postea
430 5110 493 5156 sua
517 5084 745 5154 medilallone
767 5081 913 5174 propius
936 5083 1109 5166 conmori,
1266 5110 1398 5156 unacum
1416 5105 1525 5158 doctiss.
1548 5106 1613 5172 vrri,
1638 5102 1756 5176 Philippi
1770 5107 1986 5162 Melanchthonis
2001 5112 2156 5181 praemoni-

119 5205 154 5261 et
168 5191 331 5259 evolvere
346 5190 487 5261 debent.
539 5186 632 5258 Sunt
647 5198 763 5256 autern
778 5185 814 5252 in
831 5180 980 5250 Daniele
997 5183 1110 5252 mrrlta
1169 5202 1173 5206 ·
1264 5173 1354 5241 ¹3⁰¹¹s
1372 5172 1918 5254 operamstraturamanrmaumfr,
1943 5179 2155 5262 neqeunt.

1264 5259 1356 5321 mente
1376 5241 1478 5294 Martio
1500 5243 1532 5309 (a.
1552 5239 1582 5309 Ι.)
1606 5240 1658 5296 tot.
1677 5271 1709 5284 -
1753 5245 1797 5296 brt
1820 5245 1884 5300 haec
1905 5257 2041 5315 posterior
2058 5251 2159 5317 edatiog

26 5305 30 5309 .
118 5289 304 5374 historica,
337 5312 428 5383 quite
450 5303 543 5359 terit!
566 5287 752 5380 requirnnt
773 5286 1010 5375 lnltrpt'elem.
1060 5280 1109 5354 El
1262 5325 1339 5374 prior
1368 5311 1440 5360 enirn
1466 5310 1566 5377 prodiit
1590 5311 1741 5365 secundum
1770 5312 1849 5383 Myhi
1875 5313 2034 5387 chronolog.
2059 5317 2155 5375 libror.

117 5395 156 5464 in
171 5388 230 5463 his
244 5392 398 5462 arbitror
412 5404 569 5460 nostram
585 5387 928 5458 lucubratiunculam
945 5384 1107 5475 prolutu—
1260 5375 1492 5513 sslizfflfngf‘
1505 5377 2108 5535 megrpt.pfflssox{lippias-higppppppi
2123 5404 2158 5511 p:

90 5518 197 5566 rain·
213 5494 419 5566 iuvenibus:
454 5490 525 5564 Sed
548 5490 723 5585 quidquid
746 5503 798 5561 est
818 5509 966 5580 operae,
992 5498 1109 5556 toturn
1259 5511 1324 5568 ,aa
1338 5511 1413 5568 1550.

1859 4482 2146 4497 *Μ
