4868 6420
201 352 276 422 797

212 521 280 590 No.
299 521 411 600 stac.

206 617 418 654 Μ

420 691 425 696 ’
468 701 622 785 Ioacb.
657 698 918 788 camerario.

268 861 351 930 Epist.
366 861 400 915 ad
418 860 557 916 Canterar.
573 880 600 932 p.
616 864 663 917 521
679 883 719 936 sq.
738 862 792 931 (ed.
806 861 895 918 Laud.
910 859 957 914 lib.
974 859 1022 918 Ν.
1037 878 1081 931 ep.
1094 859 1178 930 671.).

1050 521 1104 602 (¹1-
1126 523 1171 603 t·)

1024 611 1196 641 w

198 1009 424 1086 Clarissimo
451 1017 527 1087 aira
551 1016 752 1089 eruditione
779 1028 810 1089 et
836 1016 965 1088 uirtute
988 1017 1199 1114 praestanti

247 1113 490 1188 Ioaehimu
516 1111 789 1189 Camerario
816 1115 908 1190 Pub.
935 1118 1054 1188 amico
1078 1144 1147 1189 sua

633 1246 761 1295 sauss.

198 1333 242 1423 S·
271 1353 315 1427 D.
368 1352 466 1423 luter
496 1355 622 1422 decora
650 1354 774 1444 oppidi
795 1347 986 1422 Grimmca
1012 1349 1079 1423 boc
1104 1379 1195 1446 quo-

199 1481 268 1546 que
291 1468 473 1536 narratur,
512 1467 635 1523 natum
668 1456 718 1525 ibi
748 1479 821 1524 esse
845 1457 969 1524 ducem
992 1449 1194 1540 Albertam,

199 1561 300 1628 ccxins
321 1558 471 1625 similem
493 1551 688 1646 principem
711 1555 741 1623 si
763 1581 859 1625 nunc
876 1553 1070 1644 Germania
1084 1550 1194 1625 habe-

198 1675 273 1746 ret,
307 1682 380 1728 non
403 1658 518 1726 solum
543 1663 790 1727 ornamentum
815 1659 876 1726 sed
898 1655 1002 1750 ἕρκος
1020 1650 1083 1726 καὶ
1103 1649 1193 1750 ἕρει-

199 1784 297 1852 σμα,
333 1774 372 1829 ut
388 1757 519 1828 Poe'tae
542 1755 657 1827 Duces
678 1782 823 1848 magnos
847 1757 1051 1841 nominant,
1083 1752 1192 1827 babe-

197 1887 330 1935 remus.
381 1855 433 1928 Ac
454 1861 642 1929 celebravit
661 1858 742 1929 Dux
758 1855 931 1928 Albertas
957 1855 1023 1927 hoc
1047 1883 1192 1948 prover-

197 1966 315 2035 bium:
348 1960 416 2032 sibi
438 1961 520 2054 quia
538 1958 721 2029 Grimmae
744 1976 847 2030 natus
863 1973 967 2044 essct,
1000 1960 1191 2050 prolixiore

197 2091 322 2136 somno
356 2086 445 2151 opus
476 2086 571 2141 esse,
611 2061 693 2153 quia
722 2062 823 2150 pueri
849 2060 1092 2130 Grimmenscs
1121 2060 1193 2129 sint

197 2165 506 2237 somniculosiores
528 2163 663 2235 ceteris.
720 2160 889 2232 Arbitror
912 2162 1021 2252 igitur
1044 2173 1190 2230 naturae

196 2263 302 2338 Petri
314 2263 408 2336 bunc
424 2267 541 2334 locum
558 2288 633 2332 non
646 2263 737 2331 male
755 2288 957 2353 congruere.
1009 2259 1079 2331 Sed
1096 2277 1190 2333 extra

198 2373 328 2441 iocum.
380 2363 457 2434 Oro
470 2363 588 2434 'Deum
612 2378 651 2432 ut
668 2366 839 2452 gubernet
856 2378 890 2432 et
907 2361 975 2433 hoc
992 2363 1191 2446 consilium,

198 2488 232 2542 et
248 2473 358 2563 ipsam
374 2461 477 2536 Pari
491 2465 851 2546 administrationem,
884 2491 963 2534 cum
980 2464 1066 2533 ludo
1089 2487 1190 2554 prae-

195 2577 305 2643 fectus
319 2571 434 2640 fuerit.
487 2567 620 2656 Scripsi
642 2567 686 2634 ad
710 2581 869 2636 senatum
894 2568 992 2636 etad
1015 2579 1190 2655 pastorem

195 2672 394 2756 Ecclesiae,
431 2684 465 2739 et
488 2669 526 2735 in
549 2668 675 2738 litteris
690 2669 731 2735 ad
750 2681 908 2737 senatum
929 2666 1083 2755 scriptis,
1116 2666 1189 2732 dixi

195 2776 264 2846 tibi
288 2797 428 2866 quoque
450 2770 659 2839 familiarem
682 2769 800 2852 fuisse.
853 2768 991 2837 Vellem
1009 2781 1043 2837 te
1060 2766 1190 2856 episto-

195 2879 268 2947 lam
285 2878 316 2945 ei
333 2879 377 2944 ad
396 2887 570 2964 pastorem
586 2871 688 2953 dare,
715 2894 819 2961 quem
835 2869 906 2938 scio
921 2869 1038 2938 virum
1055 2868 1188 2936 bonurn

196 2993 232 3048 et
256 3002 328 3046 non
353 2997 533 3044 morosum
560 2994 651 3050 esse,
695 2994 734 3038 ac
760 2972 996 3039 iudicaturum
1021 2981 1098 3038 tuas
1120 2967 1189 3037 sibi

196 3081 330 3149 litteras
348 3088 555 3147 ornamento
574 3095 646 3139 esse
662 3074 755 3160 apud
772 3094 863 3140 suos.

299 3181 461 3251 Tandem
482 3175 588 3243 rediit
603 3165 814 3267 Staphylus
835 3196 874 3240 ac
891 3172 1074 3262 epistolam
1093 3184 1187 3241 tuam

195 3283 368 3364 reddidit,
393 3280 513 3369 inqua
533 3288 627 3345 tuam
644 3274 689 3364 de
705 3268 834 3340 Sciaro
851 3296 912 3342 seu
931 3274 1188 3344 dubitationem

196 3409 258 3454 seu
274 3377 409 3474 ἐποχὴν
428 3377 593 3448 mirabar.
645 3370 812 3466 Colloqui
833 3373 943 3463 igitur
956 3399 1095 3446 necesse
1112 3376 1189 3446 erit.

189 3479 272 3557 ¹lam
296 3486 400 3554 etiam
421 3478 521 3548 vobis
537 3475 808 3546 deliberandum
825 3476 893 3545 erit
909 3501 1012 3568 quem
1029 3470 1192 3570 Giganti

197 3607 429 3658 successorem
458 3578 575 3648 daturi
602 3576 688 3649 sitis.
751 3573 849 3645 Bene
870 3577 948 3645 vale
972 3591 1006 3649 et
1026 3579 1189 3648 rescribe.

196 3689 307 3757 Volui
336 3695 606 3753 monumentum
637 3672 746 3748 Helii
778 3679 848 3746 tuis
882 3678 1011 3752 versib.
1045 3676 1189 3749 Graecis

196 3786 401 3882 praesertim
426 3781 558 3869 ornari.
625 3777 746 3868 Quare
776 3778 896 3848 tabula
920 3780 965 3848 ad
989 3781 1188 3871 sepulcrum

195 3913 363 3983 suspensa
380 3898 447 3968 est,
480 3906 568 3977 quae
585 3881 742 3950 continet
756 3893 835 3949 tuos
849 3904 970 3951 versus
990 3875 1056 3951 hac
1077 3881 1190 3952 editos

194 3995 328 4073 forma,
350 4011 456 4084 quam
470 3979 535 4054 bae
550 3982 930 4075 pagellaeostendunt,
950 4006 1036 4074 quas
1051 3983 1164 4053 mitto.

676 4190 688 4205 .
778 4078 873 4156 Phil.
901 4078 1076 4155 Melanch.
1194 4145 1198 4153 ,

1058 4458 1116 4519 20.
1130 4449 1189 4514 lul.

1058 4542 1187 4569 Ν

209 4455 277 4526 No.
293 4452 404 4524 5227.

202 4552 413 4587 m

557 4634 604 4721 S.
628 4636 837 4737 Malaero.

263 4814 338 4883 estis
358 4832 372 4866 a
393 4832 450 4884 ogr.
469 4812 572 4866 codicis
591 4811 672 4866 MSS.
691 4809 763 4864 Bibl.
787 4809 924 4864 Palatinae
937 4807 1084 4864 viennens.
1097 4808 1189 4866 'ibeo-

299 4885 355 4952 log.
374 4832 429 4936 lu.
444 4879 641 4936 DCCCCthl.
658 4879 737 4934 Folio
752 4878 815 4936 267.

194 5036 465 5113 Honestissima
489 5033 567 5105 airu
590 5043 622 5103 et
644 5030 790 5128 egregia
810 5028 1008 5129 prudentia
1021 5027 1190 5127 praedito

192 5133 248 5214 D'.
266 5137 553 5213 Sebastiano
576 5130 635 5205 M
639 5132 773 5205 alaer
798 5131 973 5205 Senatori
990 5129 1190 5232 Mans-set.

516 5234 637 5324 densi,
663 5233 781 5305 amico
795 5259 875 5307 suo.

193 5358 239 5447 S.
258 5374 302 5449 D.
345 5368 599 5442 Honestissime
609 5365 763 5438 Domine
774 5361 1011 5451 Sebastiam,
1029 5379 1063 5435 et
1078 5365 1188 5435 amice

150 5497 154 5504 ’
191 5474 420 5548 Cbarissime.
471 5467 672 5566 Aliquoties
693 5482 727 5538 et
748 5466 839 5538 filios
861 5484 994 5539 vestros
1014 5481 1187 5538 eteorum
1212 5532 1215 5538 ,

782 338 1222 421 EPISTOLARUM
1274 337 1471 419 LlB.IX.
1524 340 1656 419 1545.

2142 392 2144 397 -
2169 342 2244 415 798

1249 514 1517 582 contubernales
1538 513 1754 604 interrogavi
1771 515 1809 584 in
1824 517 2119 606 praelectionibus
2139 517 2242 603 meis;

1248 614 1300 683 ibi
1331 616 1377 684 ita
1409 617 1545 685 erudite
1569 619 1844 707 responderunt,
1885 631 1924 688 ut
1956 621 2152 709 intelligam
2183 642 2243 688 eos

1247 716 1370 805 primis
1395 716 1576 786 literarum
1602 718 1772 804 exordiis,
1804 717 2084 802 Grammaticae,
2120 719 2243 793 Diale-

1247 819 1354 885 cticae
1378 832 1411 887 et
1435 818 1618 888 doctrinae
1634 813 1858 889 Christianae
1877 823 1967 890 bene
1984 823 2139 892 excultos
2156 845 2239 902 esse,

1245 917 1349 986 Nunc
1366 942 1449 988 vero
1467 921 1627 989 etlilium
1648 935 1801 990 vestrum
1818 916 2017 1014 Georgium
2041 926 2085 992 ad
2103 946 2158 992 me
2176 947 2241 992 vo-

1246 1019 1339 1102 cavi,
1373 1043 1412 1088 ac
1440 1023 1483 1088 de
1507 1021 1632 1089 ordine
1648 1022 1926 1112 praelectionum
1942 1024 2135 1094 sciscitatus
2151 1017 2259 1098 sum.

1245 1118 1390 1188 Publice
1420 1135 1558 1190 tanturn
1591 1117 1654 1190 has
1685 1136 1756 1191 tres
1787 1125 1955 1210 audiunt,
1996 1123 2240 1208 Dialecticam,

1246 1217 1417 1289 Graecam
1444 1219 1720 1292 Grammaticam
1742 1237 1775 1293 et
1796 1221 1961 1298 Ethicen.
2012 1225 2122 1296 Domi
2143 1225 2240 1294 diib-

1245 1322 1402 1390 ciliorem
1428 1336 1594 1412 repetunt
1616 1338 1649 1392 et
1674 1339 1835 1395 exercent
1857 1325 2009 1419 Stylum.
2061 1325 2152 1395 Iussi
2176 1349 2241 1394 au-

1244 1435 1313 1491 tem
1329 1419 1463 1491 etmihi
1480 1421 1639 1494 exbiberi
1654 1428 1800 1516 scripta,
1822 1430 1921 1510 utde
1936 1428 2049 1497 forma
2067 1427 2240 1497 orationis

1245 1548 1367 1593 eorum
1384 1525 1558 1607 iudicem,
1584 1541 1618 1595 et
1635 1550 1749 1594 meam
1767 1529 1816 1595 eis
1831 1530 2041 1599 sententiam
2055 1551 2240 1620 exponam.

1245 1622 1315 1692 Hic
1343 1627 1431 1693 ordo
1458 1627 1657 1695 studiorum
1672 1648 1675 1652 ·
1690 1623 1805 1697 adhuc
1835 1630 1977 1720 quidem
2002 1624 2093 1697 mihi
2116 1630 2241 1719 placet.

1246 1723 1318 1794 Nec
1341 1725 1460 1795 iudico
1481 1751 1539 1795 eos
1555 1727 1707 1797 nimium
1722 1729 1872 1798 onerari.
1924 1728 2119 1799 Servantur
2135 1730 2241 1798 etiam

1245 1826 1372 1894 idonea
1389 1830 1506 1895 somni
1521 1844 1688 1918 tempora.
1740 1826 1860 1916 Quare
1877 1854 1973 1899 nunc
1988 1826 2080 1898 nibil
2096 1845 2240 1900 mutan-

1246 1928 1329 1995 dum
1346 1950 1419 1996 esse
1435 1952 1577 2013 censeo,
1611 1933 1671 1997 scd
1697 1952 1756 1998 ero
1774 1931 1952 2022 inspector
1969 1932 2132 2022 deinceps
2149 1955 2240 2022 quo·

1245 2052 1331 2120 que,
1366 2041 1400 2097 et
1425 2030 1454 2096 si
1477 2031 1563 2121 quid
1585 2030 1750 2099 iudicabo
1772 2034 1982 2100 mutandum
2007 2055 2095 2116 csse,
2123 2055 2239 2100 meam

1244 2128 1329 2218 ipsis
1346 2131 1553 2199 sententiam
1570 2155 1753 2220 exponam.
1795 2131 1877 2202 Nou
1894 2132 2021 2222 opinor
2040 2132 2145 2202 nobis
2164 2133 2240 2202 dis-
2347 2154 2352 2164 ⁸

1243 2229 1373 2319 pliccre
1420 2233 1516 2322 quod
1554 2229 1725 2300 Graecam
1768 2229 2043 2302 Grammaticam
2085 2233 2237 2304 discunt.

1243 2328 1333 2398 Nam
1350 2331 1426 2399 sine
1441 2355 1479 2398 ea
1497 2333 1617 2419 lingua
1633 2355 1697 2399 nec
1713 2333 1823 2402 latina
1839 2347 1932 2403 recte
1956 2334 2090 2424 percipi
2112 2348 2239 2424 potest.

1244 2427 1320 2499 Oro
1338 2447 1454 2501 autem
1470 2429 1586 2501 Deum
1604 2447 1785 2502 aeternum
1802 2433 1942 2504 Patrem
1961 2432 2109 2503 Domini
2127 2435 2240 2504 nostri

1245 2530 1321 2600 lesu
1336 2528 1490 2617 Christi,
1524 2547 1564 2602 ut
1587 2533 1679 2603 filios
1700 2549 1834 2603 vestros
1856 2549 1971 2605 servet
1993 2536 2190 2606 incolumes
2205 2550 2240 2605 et

1242 2646 1349 2721 regat.
1400 2631 1496 2701 Bene
1511 2636 1637 2708 valete.
1688 2633 1757 2705 Die
1772 2636 1833 2704 20.
1851 2635 1932 2704 lulii
1950 2659 2044 2705 anno
2065 2632 2175 2711 1545.

1785 2731 1973 2827 Philippus
1989 2735 2125 2810 Melan.

1242 3114 1308 3184 No.
1323 3115 1433 3185 3228.

1248 3210 1419 3239 Μ

1927 3125 2010 3205 (lere
2029 3126 2058 3188 d.
2081 3126 2137 3193 Μ.
2156 3120 2239 3210 Iul.)

1950 3218 2219 3255 W

1553 3313 1612 3399 N.
1638 3313 1918 3426 Amsdorfid.

1310 3490 1331 3554 †
1356 3486 1394 3540 lix
1411 3487 1566 3610 ip⁰ffi²l³h⁰
1584 3488 1612 3542 in
1632 3449 1698 3544 cod.
1716 3489 1828 3547 Monac.
1847 3492 1892 3546 88.
1917 3510 1964 3552 no.
1983 3492 2033 3554 lV.
2057 3513 2084 3565 p.
2105 3492 2185 3547 rtet».
2205 3517 2237 3536 -

1346 3554 1459 3626 Discxpu
1501 3556 1706 3614 aMelantbone
1722 3559 1888 3632 praescripta
1902 3571 1950 3618 est.

1437 3698 1604 3800 (bl-N.)
1631 3701 1686 3775 ad
1708 3702 2044 3815 Amsdorsiam.

1242 3817 1286 3907 S.
1311 3833 1357 3910 D.
1415 3835 1724 3911 Reverendissime
1747 3843 1891 3913 domine
1923 3859 1957 3915 et
1979 3861 2127 3937 patrone
2155 3841 2239 3914 cha-

1242 3938 1391 4013 rissime.
1441 3935 1518 4008 Etsi
1541 3941 1692 4010 maxime
1710 3943 1895 4034 cupiebam
1912 3949 2146 4017 reverendum
2163 3945 2239 4016 Do·

1242 4039 1380 4110 minum
1402 4037 1448 4113 D.
1468 4032 1675 4111 Lutheram
1700 4045 1741 4112 ad
1768 4059 1802 4115 te
1826 4047 2103 4135 proficiscentem
2127 4046 2239 4117 comi-

1242 4142 1331 4226 tari,
1365 4137 1458 4208 nibil
1480 4142 1574 4210 enim
1598 4143 1701 4213 video
1723 4144 1913 4232 libentius,
1946 4174 2052 4241 quam
2076 4172 2141 4218 nos
2166 4171 2237 4218 uua
2329 4173 2333 4176 ·

1243 4241 1488 4334 syncerissimo
1505 4245 1610 4312 corde
1624 4246 1669 4313 de
1685 4246 1791 4315 rebus
1808 4249 1969 4318 maximis
1986 4251 2238 4343 colloquentes,

1242 4355 1362 4420 tamen
1381 4343 1457 4413 sine
1479 4344 1562 4413 dato
1585 4357 1646 4413 tuo
1668 4369 1741 4415 non
1764 4347 1935 4419 libentius
1961 4346 2046 4420 hinc
2071 4350 2239 4441 expatior,

1244 4445 1357 4512 mansi
1375 4445 1502 4533 potius.
1552 4441 1655 4513 Hanc
1676 4470 1760 4515 vero
1779 4450 1963 4539 epistolam
1981 4455 2064 4521 dedi
2083 4451 2126 4525 D.
2142 4443 2239 4521 Cra-

1225 4537 1429 4640 „cigera*),
1462 4558 1502 4614 ut
1521 4569 1634 4620 meam
1658 4546 1724 4615 tibi
1744 4542 1981 4620 assiduitatem
1998 4555 2238 4624 inscribendo

1139 4667 1146 4677 “
1243 4651 1287 4713 ad
1303 4659 1336 4715 te
1355 4647 1582 4715 declararem.
1634 4643 1726 4716 Cum
1742 4650 1837 4717 enim
1856 4665 1889 4720 te
1903 4667 1944 4722 ut
1959 4670 2138 4744 parentem
2156 4678 2239 4724 vera

1244 4747 1372 4835 pietate
1389 4748 1577 4818 colendum
1594 4768 1667 4817 esse
1681 4749 1808 4834 sciam,
1834 4764 1867 4821 et
1881 4767 1915 4822 te
1928 4778 2012 4837 vcro
2028 4770 2166 4846 pectore
2182 4757 2239 4824 di·
2287 4819 2293 4831 ,

1242 4848 1368 4936 ligam‚
1393 4873 1531 4940 semper
1544 4848 1720 4920 voluntati
1734 4867 1815 4922 tuae
1831 4876 1967 4922 morem
1983 4878 2102 4946 gerere
2123 4858 2239 4949 cupio.

1341 4948 1441 5019 Nova
1463 4963 1601 5031 autem,
1636 4975 1725 5043 quae
1745 4947 1804 5021 hic
1825 4955 2009 5040 feruntur,
2051 4981 2239 5048 cognosces

1243 5074 1284 5120 ex
1306 5045 1363 5120 his
1385 5052 1455 5122 tuis
1479 5048 1859 5148 hospitibus‚-quibus
1886 5058 2085 5149 respublica
2110 5059 2238 5128 melius

1254 5255 1462 5268 Μ

1276 5353 1306 5423 *t
1325 5355 1512 5414 Proficiscenti
1532 5361 1565 5414 ad
1578 5358 1766 5416 Amsdorfimn
1784 5361 1813 5417 io
1833 5380 1912 5420 causa
1928 5362 2048 5419 stetten·
2068 5369 2239 5426 cumMoro.

1311 5425 1383 5547 ἕνεί)
1396 5427 1508 5550 Ascripta
1530 5439 1569 5484 est
1591 5448 1634 5502 cp.
1655 5441 1769 5485 exeunte
1789 5430 1871 5489 lulio.
1919 5433 1980 5491 Vid.
1999 5431 2076 5505 epia
2097 5429 2237 5511 Craeigeri

1330 5532 1338 5548 .
1373 5534 1381 5549 .
1422 5514 1466 5566 ug.
