<?xml version="1.0" encoding="UTF-8"?>
<!DOCTYPE html PUBLIC "-//W3C//DTD XHTML 1.0 Transitional//EN"
    "http://www.w3.org/TR/xhtml1/DTD/xhtml1-transitional.dtd">
<html xmlns="http://www.w3.org/1999/xhtml" xml:lang="en" lang="en">
 <head>
  <title>
</title>
<meta http-equiv="Content-Type" content="text/html;charset=utf-8" />
  <meta name='ocr-system' content='tesseract 3.04.00' />
  <meta name='ocr-capabilities' content='ocr_page ocr_carea ocr_par ocr_line ocrx_word'/>
</head>
<body>
  <div class='ocr_page' id='page_1' title='image "./philippimelanth13melagoog/philippimelanth13melagoog_0289.png"; bbox 0 0 4868 6420; ppageno 0'>
   <div class='ocr_carea' id='block_1_1' title="bbox 190 267 1211 414">
    <p class='ocr_par' dir='ltr' id='par_1_1' title="bbox 190 267 1211 414">
     <span class='ocr_line' id='line_1_1' title="bbox 190 267 1211 414; baseline -0.024 -15"><span class='ocrx_word' id='word_1_1' title='bbox 190 317 268 399; x_wconf 80' lang='lat' dir='ltr'><strong>sta</strong></span> <span class='ocrx_word' id='word_1_2' title='bbox 652 380 654 388; x_wconf 12' lang='lat' dir='ltr'><em>A</em></span> <span class='ocrx_word' id='word_1_3' title='bbox 772 267 1211 414; x_wconf 79' lang='lat' dir='ltr'><strong>amsronaauu</strong></span> 
     </span>
    </p>
   </div>
   <div class='ocr_carea' id='block_1_2' title="bbox 192 475 1190 784">
    <p class='ocr_par' dir='ltr' id='par_1_2' title="bbox 192 475 1190 784">
     <span class='ocr_line' id='line_1_2' title="bbox 192 475 1188 580; baseline -0.025 -11"><span class='ocrx_word' id='word_1_4' title='bbox 192 517 291 569; x_wconf 82' lang='lat' dir='ltr'><strong>ame</strong></span> <span class='ocrx_word' id='word_1_5' title='bbox 305 514 390 562; x_wconf 87' lang='lat' dir='ltr'><strong>vere</strong></span> <span class='ocrx_word' id='word_1_6' title='bbox 409 503 444 561; x_wconf 87' lang='lat' dir='ltr'><strong>et</strong></span> <span class='ocrx_word' id='word_1_7' title='bbox 459 501 662 562; x_wconf 72' lang='lat' dir='ltr'><strong>constanter</strong></span> <span class='ocrx_word' id='word_1_8' title='bbox 684 488 809 578; x_wconf 81' lang='lat' dir='ltr'><strong>diligi,</strong></span> <span class='ocrx_word' id='word_1_9' title='bbox 834 508 961 580; x_wconf 89' lang='lat' dir='ltr'><strong>meque</strong></span> <span class='ocrx_word' id='word_1_10' title='bbox 985 479 1051 555; x_wconf 91' lang='lat' dir='ltr'><strong>tibi</strong></span> <span class='ocrx_word' id='word_1_11' title='bbox 1073 475 1188 548; x_wconf 85' lang='lat' dir='ltr'><strong>felicia</strong></span> 
     </span>
     <span class='ocr_line' id='line_1_3' title="bbox 195 583 1189 687; baseline -0.022 -17"><span class='ocrx_word' id='word_1_12' title='bbox 195 610 232 670; x_wconf 85' lang='lat' dir='ltr'><strong>et</strong></span> <span class='ocrx_word' id='word_1_13' title='bbox 249 596 366 665; x_wconf 85' lang='lat' dir='ltr'><strong>fausta</strong></span> <span class='ocrx_word' id='word_1_14' title='bbox 388 593 510 662; x_wconf 90' lang='lat' dir='ltr'><strong>omnia</strong></span> <span class='ocrx_word' id='word_1_15' title='bbox 533 606 694 687; x_wconf 48' lang='lat' dir='ltr'><strong>optare„</strong></span> <span class='ocrx_word' id='word_1_16' title='bbox 724 588 773 661; x_wconf 82' lang='lat' dir='ltr'><strong>Et</strong></span> <span class='ocrx_word' id='word_1_17' title='bbox 797 613 877 660; x_wconf 93' lang='lat' dir='ltr'><strong>cum</strong></span> <span class='ocrx_word' id='word_1_18' title='bbox 909 611 985 658; x_wconf 92' lang='lat' dir='ltr'><strong>non</strong></span> <span class='ocrx_word' id='word_1_19' title='bbox 1007 583 1124 653; x_wconf 88' lang='lat' dir='ltr'><strong>solum</strong></span> <span class='ocrx_word' id='word_1_20' title='bbox 1148 602 1189 648; x_wconf 85' lang='lat' dir='ltr'><strong>ex</strong></span> 
     </span>
     <span class='ocr_line' id='line_1_4' title="bbox 195 679 1190 784; baseline -0.024 -13"><span class='ocrx_word' id='word_1_21' title='bbox 195 697 313 772; x_wconf 86' lang='lat' dir='ltr'><strong>literis</strong></span> <span class='ocrx_word' id='word_1_22' title='bbox 333 694 403 767; x_wconf 86' lang='lat' dir='ltr'><strong>tuis</strong></span> <span class='ocrx_word' id='word_1_23' title='bbox 427 694 673 784; x_wconf 83' lang='lat' dir='ltr'><strong>cognoverim,</strong></span> <span class='ocrx_word' id='word_1_24' title='bbox 698 706 733 763; x_wconf 89' lang='lat' dir='ltr'><strong>te</strong></span> <span class='ocrx_word' id='word_1_25' title='bbox 749 693 897 780; x_wconf 88' lang='lat' dir='ltr'><strong>flagrare</strong></span> <span class='ocrx_word' id='word_1_26' title='bbox 913 684 1072 758; x_wconf 90' lang='lat' dir='ltr'><strong>discendi</strong></span> <span class='ocrx_word' id='word_1_27' title='bbox 1088 679 1190 771; x_wconf 90' lang='lat' dir='ltr'><strong>cupi-</strong></span> 
     </span>
    </p>
   </div>
   <div class='ocr_carea' id='block_1_3' title="bbox 1241 285 2240 377">
    <p class='ocr_par' dir='ltr' id='par_1_3' title="bbox 1241 285 2240 377">
     <span class='ocr_line' id='line_1_5' title="bbox 1241 285 2240 377; baseline -0.015 -5"><span class='ocrx_word' id='word_1_28' title='bbox 1241 293 1370 377; x_wconf 74' lang='lat' dir='ltr'><strong>stt.</strong></span> <span class='ocrx_word' id='word_1_29' title='bbox 1402 291 1469 370; x_wconf 83' lang='lat' dir='ltr'><strong>tx.</strong></span> <span class='ocrx_word' id='word_1_30' title='bbox 1521 285 1656 366; x_wconf 71' lang='grc'>1511.</span> <span class='ocrx_word' id='word_1_31' title='bbox 1705 339 1706 342; x_wconf 21' lang='lat'>¹</span> <span class='ocrx_word' id='word_1_32' title='bbox 2162 285 2240 362; x_wconf 76' lang='lat'><strong>64&#39;6</strong></span> 
     </span>
    </p>
   </div>
   <div class='ocr_carea' id='block_1_4' title="bbox 1243 456 2239 756">
    <p class='ocr_par' dir='ltr' id='par_1_4' title="bbox 1243 456 2239 756">
     <span class='ocr_line' id='line_1_6' title="bbox 1243 456 2239 560; baseline -0.012 -20"><span class='ocrx_word' id='word_1_33' title='bbox 1243 480 1344 560; x_wconf 80' lang='lat' dir='ltr'><strong>grate</strong></span> <span class='ocrx_word' id='word_1_34' title='bbox 1371 484 1448 538; x_wconf 83' lang='lat' dir='ltr'><strong>esse</strong></span> <span class='ocrx_word' id='word_1_35' title='bbox 1475 484 1693 553; x_wconf 84' lang='lat' dir='ltr'>cognovero,</span> <span class='ocrx_word' id='word_1_36' title='bbox 1732 459 1893 550; x_wconf 90' lang='lat' dir='ltr'><strong>gaudebo</strong></span> <span class='ocrx_word' id='word_1_37' title='bbox 1917 473 1952 544; x_wconf 75' lang='lat' dir='ltr'><strong>et</strong></span> <span class='ocrx_word' id='word_1_38' title='bbox 1973 456 2126 530; x_wconf 84' lang='lat' dir='ltr'><strong>scribam</strong></span> <span class='ocrx_word' id='word_1_39' title='bbox 2152 457 2239 528; x_wconf 87' lang='lat' dir='ltr'><strong>alias</strong></span> 
     </span>
     <span class='ocr_line' id='line_1_7' title="bbox 1243 559 2085 662; baseline -0.011 -20"><span class='ocrx_word' id='word_1_40' title='bbox 1243 568 1431 662; x_wconf 85' lang='lat' dir='ltr'><strong>copiosius.</strong></span> <span class='ocrx_word' id='word_1_41' title='bbox 1470 564 1515 638; x_wconf 88' lang='grc' dir='ltr'><strong>Β.</strong></span> <span class='ocrx_word' id='word_1_42' title='bbox 1532 563 1576 640; x_wconf 83' lang='lat' dir='ltr'><strong>V.</strong></span> <span class='ocrx_word' id='word_1_43' title='bbox 1616 563 1674 632; x_wconf 91' lang='lat' dir='ltr'><strong>die</strong></span> <span class='ocrx_word' id='word_1_44' title='bbox 1688 559 1844 632; x_wconf 83' lang='lat' dir='ltr'><strong>Brumae</strong></span> <span class='ocrx_word' id='word_1_45' title='bbox 1859 587 1954 633; x_wconf 90' lang='lat' dir='ltr'><strong>anuo</strong></span> <span class='ocrx_word' id='word_1_46' title='bbox 1973 559 2085 635; x_wconf 78' lang='lat'><strong>1544.</strong></span> 
     </span>
     <span class='ocr_line' id='line_1_8' title="bbox 1701 658 2136 756; baseline 0.011 -24"><span class='ocrx_word' id='word_1_47' title='bbox 1701 659 1893 756; x_wconf 84' lang='lat' dir='ltr'><strong>Philippus</strong></span> <span class='ocrx_word' id='word_1_48' title='bbox 1909 658 2136 737; x_wconf 82' lang='lat' dir='ltr'><strong>Melanthon.</strong></span> 
     </span>
    </p>
   </div>
   <div class='ocr_carea' id='block_1_5' title="bbox 198 781 1521 889">
    <p class='ocr_par' dir='ltr' id='par_1_5' title="bbox 198 781 1521 889">
     <span class='ocr_line' id='line_1_9' title="bbox 198 781 1521 889; baseline -0.022 -16"><span class='ocrx_word' id='word_1_49' title='bbox 198 801 286 873; x_wconf 89' lang='lat' dir='ltr'><strong>diue</strong></span> <span class='ocrx_word' id='word_1_50' title='bbox 300 795 447 889; x_wconf 82' lang='lat' dir='ltr'><strong>egregia,</strong></span> <span class='ocrx_word' id='word_1_51' title='bbox 469 798 531 865; x_wconf 91' lang='lat' dir='ltr'><strong>sed</strong></span> <span class='ocrx_word' id='word_1_52' title='bbox 549 797 655 867; x_wconf 85' lang='lat' dir='ltr'><strong>etiarn</strong></span> <span class='ocrx_word' id='word_1_53' title='bbox 668 795 808 865; x_wconf 88' lang='lat' dir='ltr'><strong>laudari</strong></span> <span class='ocrx_word' id='word_1_54' title='bbox 830 791 946 861; x_wconf 90' lang='lat' dir='ltr'><strong>studia</strong></span> <span class='ocrx_word' id='word_1_55' title='bbox 964 804 1024 861; x_wconf 86' lang='lat' dir='ltr'><strong>tna</strong></span> <span class='ocrx_word' id='word_1_56' title='bbox 1042 781 1190 856; x_wconf 85' lang='lat' dir='ltr'><strong>adortis</strong></span> <span class='ocrx_word' id='word_1_57' title='bbox 1256 853 1521 867; x_wconf 47' lang='lat' dir='ltr'><strong>„W</strong></span> 
     </span>
    </p>
   </div>
   <div class='ocr_carea' id='block_1_6' title="bbox 196 885 1190 1202">
    <p class='ocr_par' dir='ltr' id='par_1_6' title="bbox 196 885 1190 1202">
     <span class='ocr_line' id='line_1_10' title="bbox 198 885 1188 995; baseline -0.02 -22"><span class='ocrx_word' id='word_1_58' title='bbox 198 904 304 987; x_wconf 90' lang='lat' dir='ltr'><strong>viris,</strong></span> <span class='ocrx_word' id='word_1_59' title='bbox 328 899 392 995; x_wconf 90' lang='lat' dir='ltr'><strong>qui</strong></span> <span class='ocrx_word' id='word_1_60' title='bbox 408 922 449 969; x_wconf 81' lang='lat' dir='ltr'><strong>ex</strong></span> <span class='ocrx_word' id='word_1_61' title='bbox 473 892 502 966; x_wconf 92' lang='lat' dir='ltr'><em>I</em></span> <span class='ocrx_word' id='word_1_62' title='bbox 500 893 597 967; x_wconf 84' lang='lat' dir='ltr'><strong>tolia</strong></span> <span class='ocrx_word' id='word_1_63' title='bbox 612 897 655 968; x_wconf 92' lang='lat' dir='ltr'><strong>ad</strong></span> <span class='ocrx_word' id='word_1_64' title='bbox 672 920 738 967; x_wconf 89' lang='lat' dir='ltr'><strong>uos</strong></span> <span class='ocrx_word' id='word_1_65' title='bbox 753 896 953 978; x_wconf 88' lang='lat' dir='ltr'><strong>redierunt,</strong></span> <span class='ocrx_word' id='word_1_66' title='bbox 978 885 1188 965; x_wconf 82' lang='lat' dir='ltr'><strong>audiverim,</strong></span> 
     </span>
     <span class='ocr_line' id='line_1_11' title="bbox 198 994 1190 1090; baseline -0.022 -13"><span class='ocrx_word' id='word_1_67' title='bbox 198 1000 268 1077; x_wconf 93' lang='lat' dir='ltr'><strong>hoc</strong></span> <span class='ocrx_word' id='word_1_68' title='bbox 293 1005 400 1072; x_wconf 86' lang='lat' dir='ltr'><strong>decus</strong></span> <span class='ocrx_word' id='word_1_69' title='bbox 425 1014 459 1071; x_wconf 85' lang='lat' dir='ltr'><strong>et</strong></span> <span class='ocrx_word' id='word_1_70' title='bbox 483 1000 550 1070; x_wconf 91' lang='lat' dir='ltr'><strong>tibi</strong></span> <span class='ocrx_word' id='word_1_71' title='bbox 572 1014 606 1072; x_wconf 92' lang='lat' dir='ltr'><strong>et</strong></span> <span class='ocrx_word' id='word_1_72' title='bbox 628 999 762 1090; x_wconf 75' lang='lat' dir='ltr'><strong>patriae</strong></span> <span class='ocrx_word' id='word_1_73' title='bbox 778 1011 813 1067; x_wconf 92' lang='lat' dir='ltr'><strong>et</strong></span> <span class='ocrx_word' id='word_1_74' title='bbox 830 994 1046 1086; x_wconf 90' lang='lat' dir='ltr'><strong>reipublicae</strong></span> <span class='ocrx_word' id='word_1_75' title='bbox 1067 1000 1190 1079; x_wconf 90' lang='lat' dir='ltr'><strong>gratu-</strong></span> 
     </span>
     <span class='ocr_line' id='line_1_12' title="bbox 196 1090 1190 1202; baseline -0.021 -24"><span class='ocrx_word' id='word_1_76' title='bbox 196 1107 255 1178; x_wconf 92' lang='lat' dir='ltr'><strong>lor</strong></span> <span class='ocrx_word' id='word_1_77' title='bbox 271 1097 310 1202; x_wconf 81' lang='lat'><strong>⁸).</strong></span> <span class='ocrx_word' id='word_1_78' title='bbox 360 1101 514 1200; x_wconf 76' lang='lat' dir='ltr'><strong>Fruere,</strong></span> <span class='ocrx_word' id='word_1_79' title='bbox 537 1100 589 1170; x_wconf 91' lang='lat' dir='ltr'><strong>mi</strong></span> <span class='ocrx_word' id='word_1_80' title='bbox 605 1093 807 1185; x_wconf 73' lang='lat' dir='ltr'><strong>Guilelm,</strong></span> <span class='ocrx_word' id='word_1_81' title='bbox 829 1099 908 1168; x_wconf 89' lang='lat' dir='ltr'><strong>luce</strong></span> <span class='ocrx_word' id='word_1_82' title='bbox 924 1097 987 1166; x_wconf 90' lang='lat' dir='ltr'><strong>illa</strong></span> <span class='ocrx_word' id='word_1_83' title='bbox 1008 1090 1190 1164; x_wconf 87' lang='lat' dir='ltr'><strong>doctrinae</strong></span> 
     </span>
    </p>
   </div>
   <div class='ocr_carea' id='block_1_7' title="bbox 197 1192 1290 1298">
    <p class='ocr_par' dir='ltr' id='par_1_7' title="bbox 197 1192 1290 1298">
     <span class='ocr_line' id='line_1_13' title="bbox 197 1192 1290 1298; baseline -0.02 -19"><span class='ocrx_word' id='word_1_84' title='bbox 197 1209 240 1279; x_wconf 89' lang='lat' dir='ltr'><strong>iu</strong></span> <span class='ocrx_word' id='word_1_85' title='bbox 254 1211 295 1278; x_wconf 85' lang='lat' dir='ltr'><strong>ea</strong></span> <span class='ocrx_word' id='word_1_86' title='bbox 310 1204 473 1289; x_wconf 75' lang='lat' dir='ltr'><strong>natione,</strong></span> <span class='ocrx_word' id='word_1_87' title='bbox 494 1227 584 1298; x_wconf 90' lang='lat' dir='ltr'><strong>quae</strong></span> <span class='ocrx_word' id='word_1_88' title='bbox 607 1203 761 1293; x_wconf 90' lang='lat' dir='ltr'><strong>ingeniis</strong></span> <span class='ocrx_word' id='word_1_89' title='bbox 780 1216 814 1272; x_wconf 91' lang='lat' dir='ltr'><strong>et</strong></span> <span class='ocrx_word' id='word_1_90' title='bbox 830 1197 1002 1293; x_wconf 78' lang='lat' dir='ltr'><strong>sapientia</strong></span> <span class='ocrx_word' id='word_1_91' title='bbox 1022 1192 1190 1266; x_wconf 86' lang='lat' dir='ltr'><strong>omnihus</strong></span> <span class='ocrx_word' id='word_1_92' title='bbox 1287 1250 1290 1257; x_wconf 90' lang='lat'><strong>.</strong></span> 
     </span>
    </p>
   </div>
   <div class='ocr_carea' id='block_1_8' title="bbox 184 1293 1232 2820">
    <p class='ocr_par' dir='ltr' id='par_1_8' title="bbox 184 1293 1232 2820">
     <span class='ocr_line' id='line_1_14' title="bbox 198 1293 1191 1402; baseline -0.02 -22"><span class='ocrx_word' id='word_1_93' title='bbox 198 1308 364 1402; x_wconf 85' lang='lat' dir='ltr'><strong>gentibus</strong></span> <span class='ocrx_word' id='word_1_94' title='bbox 382 1330 521 1397; x_wconf 87' lang='lat' dir='ltr'><strong>semper</strong></span> <span class='ocrx_word' id='word_1_95' title='bbox 535 1306 760 1390; x_wconf 78' lang='lat' dir='ltr'><strong>antecelluit,</strong></span> <span class='ocrx_word' id='word_1_96' title='bbox 785 1318 819 1376; x_wconf 87' lang='lat' dir='ltr'><strong>et</strong></span> <span class='ocrx_word' id='word_1_97' title='bbox 835 1303 957 1373; x_wconf 87' lang='lat' dir='ltr'><strong>multis</strong></span> <span class='ocrx_word' id='word_1_98' title='bbox 979 1300 1050 1369; x_wconf 92' lang='lat' dir='ltr'><strong>iam</strong></span> <span class='ocrx_word' id='word_1_99' title='bbox 1064 1293 1191 1366; x_wconf 86' lang='lat' dir='ltr'><strong>seculis</strong></span> 
     </span>
     <span class='ocr_line' id='line_1_15' title="bbox 200 1397 1191 1501; baseline -0.018 -19"><span class='ocrx_word' id='word_1_100' title='bbox 200 1410 368 1501; x_wconf 88' lang='lat' dir='ltr'><strong>magistra</strong></span> <span class='ocrx_word' id='word_1_101' title='bbox 383 1422 435 1478; x_wconf 88' lang='lat' dir='ltr'><strong>est</strong></span> <span class='ocrx_word' id='word_1_102' title='bbox 450 1408 548 1478; x_wconf 89' lang='lat' dir='ltr'><strong>orbis</strong></span> <span class='ocrx_word' id='word_1_103' title='bbox 562 1419 750 1481; x_wconf 89' lang='lat' dir='ltr'><strong>terrarum.</strong></span> <span class='ocrx_word' id='word_1_104' title='bbox 801 1404 911 1476; x_wconf 87' lang='lat' dir='ltr'><strong>Venit</strong></span> <span class='ocrx_word' id='word_1_105' title='bbox 925 1397 1017 1472; x_wconf 88' lang='lat' dir='ltr'><strong>mihi</strong></span> <span class='ocrx_word' id='word_1_106' title='bbox 1034 1401 1073 1468; x_wconf 89' lang='lat' dir='ltr'><strong>in</strong></span> <span class='ocrx_word' id='word_1_107' title='bbox 1089 1420 1191 1466; x_wconf 84' lang='lat' dir='ltr'><strong>men-</strong></span> 
     </span>
     <span class='ocr_line' id='line_1_16' title="bbox 199 1501 1193 1598; baseline -0.023 -10"><span class='ocrx_word' id='word_1_108' title='bbox 199 1528 274 1588; x_wconf 88' lang='lat' dir='ltr'><strong>tem</strong></span> <span class='ocrx_word' id='word_1_109' title='bbox 304 1511 395 1582; x_wconf 87' lang='lat' dir='ltr'><strong>illud</strong></span> <span class='ocrx_word' id='word_1_110' title='bbox 424 1505 636 1581; x_wconf 79' lang='lat' dir='ltr'><strong>Aristotelis</strong></span> <span class='ocrx_word' id='word_1_111' title='bbox 664 1511 708 1580; x_wconf 91' lang='lat' dir='ltr'><strong>de</strong></span> <span class='ocrx_word' id='word_1_112' title='bbox 731 1530 925 1598; x_wconf 83' lang='lat' dir='ltr'><strong>areopago,</strong></span> <span class='ocrx_word' id='word_1_113' title='bbox 959 1504 1023 1598; x_wconf 92' lang='lat' dir='ltr'><strong>qui</strong></span> <span class='ocrx_word' id='word_1_114' title='bbox 1045 1501 1113 1583; x_wconf 91' lang='lat' dir='ltr'><strong>ait,</strong></span> <span class='ocrx_word' id='word_1_115' title='bbox 1151 1508 1193 1566; x_wconf 92' lang='lat' dir='ltr'><strong>ut</strong></span> 
     </span>
     <span class='ocr_line' id='line_1_17' title="bbox 198 1600 1192 1711; baseline -0.02 -24"><span class='ocrx_word' id='word_1_116' title='bbox 198 1615 376 1711; x_wconf 86' lang='lat' dir='ltr'><strong>quaedam</strong></span> <span class='ocrx_word' id='word_1_117' title='bbox 390 1605 432 1710; x_wconf 80' lang='lat'><strong>⁹)</strong></span> <span class='ocrx_word' id='word_1_118' title='bbox 455 1612 531 1682; x_wconf 92' lang='lat' dir='ltr'><strong>loca</strong></span> <span class='ocrx_word' id='word_1_119' title='bbox 556 1625 746 1682; x_wconf 87' lang='lat' dir='ltr'><strong>moverunt</strong></span> <span class='ocrx_word' id='word_1_120' title='bbox 767 1623 902 1679; x_wconf 89' lang='lat' dir='ltr'><strong>mentes</strong></span> <span class='ocrx_word' id='word_1_121' title='bbox 924 1605 1112 1687; x_wconf 83' lang='lat' dir='ltr'><strong>vatidicae,</strong></span> <span class='ocrx_word' id='word_1_122' title='bbox 1143 1600 1192 1668; x_wconf 90' lang='lat' dir='ltr'><strong>ita</strong></span> 
     </span>
     <span class='ocr_line' id='line_1_18' title="bbox 198 1704 1232 1807; baseline -0.019 -17"><span class='ocrx_word' id='word_1_123' title='bbox 198 1717 241 1799; x_wconf 82' lang='lat' dir='ltr'><strong>in</strong></span> <span class='ocrx_word' id='word_1_124' title='bbox 254 1714 437 1807; x_wconf 82' lang='lat' dir='ltr'><strong>Areopago</strong></span> <span class='ocrx_word' id='word_1_125' title='bbox 456 1715 660 1785; x_wconf 87' lang='lat' dir='ltr'><strong>locinatnra</strong></span> <span class='ocrx_word' id='word_1_126' title='bbox 679 1712 839 1784; x_wconf 90' lang='lat' dir='ltr'><strong>adiuvari</strong></span> <span class='ocrx_word' id='word_1_127' title='bbox 857 1706 1039 1790; x_wconf 89' lang='lat' dir='ltr'><strong>homines,</strong></span> <span class='ocrx_word' id='word_1_128' title='bbox 1061 1705 1102 1775; x_wconf 84' lang='lat' dir='ltr'><strong>u&#39;t</strong></span> <span class='ocrx_word' id='word_1_129' title='bbox 1117 1725 1193 1771; x_wconf 86' lang='lat' dir='ltr'><strong>rne-</strong></span> <span class='ocrx_word' id='word_1_130' title='bbox 1230 1704 1232 1706; x_wconf 72' lang='grc'><strong>’</strong></span> 
     </span>
     <span class='ocr_line' id='line_1_19' title="bbox 199 1811 1192 1907; baseline -0.019 -17"><span class='ocrx_word' id='word_1_131' title='bbox 199 1820 275 1890; x_wconf 87' lang='lat' dir='ltr'><strong>lius</strong></span> <span class='ocrx_word' id='word_1_132' title='bbox 297 1817 442 1886; x_wconf 89' lang='lat' dir='ltr'><strong>videant</strong></span> <span class='ocrx_word' id='word_1_133' title='bbox 463 1817 553 1886; x_wconf 83' lang='lat' dir='ltr'><strong>iusta</strong></span> <span class='ocrx_word' id='word_1_134' title='bbox 578 1830 613 1886; x_wconf 93' lang='lat' dir='ltr'><strong>et</strong></span> <span class='ocrx_word' id='word_1_135' title='bbox 634 1817 783 1901; x_wconf 85' lang='lat' dir='ltr'><strong>iniusta3</strong></span> <span class='ocrx_word' id='word_1_136' title='bbox 810 1815 906 1907; x_wconf 83' lang='lat' dir='ltr'><strong>quod</strong></span> <span class='ocrx_word' id='word_1_137' title='bbox 933 1811 1092 1903; x_wconf 84' lang='lat' dir='ltr'><strong>profecto</strong></span> <span class='ocrx_word' id='word_1_138' title='bbox 1119 1827 1192 1874; x_wconf 91' lang='lat' dir='ltr'><strong>uon</strong></span> 
     </span>
     <span class='ocr_line' id='line_1_20' title="bbox 184 1905 1193 2008; baseline -0.021 -13"><span class='ocrx_word' id='word_1_139' title='bbox 184 1924 248 2000; x_wconf 75' lang='lat' dir='ltr'><strong>,de</strong></span> <span class='ocrx_word' id='word_1_140' title='bbox 266 1915 382 1989; x_wconf 89' lang='lat' dir='ltr'><strong>nihilo</strong></span> <span class='ocrx_word' id='word_1_141' title='bbox 398 1919 532 1991; x_wconf 92' lang='lat' dir='ltr'><strong>dictum</strong></span> <span class='ocrx_word' id='word_1_142' title='bbox 555 1920 617 1991; x_wconf 87' lang='lat' dir='ltr'><strong>est.</strong></span> <span class='ocrx_word' id='word_1_143' title='bbox 674 1905 857 1988; x_wconf 83' lang='lat' dir='ltr'><strong>Differdut</strong></span> <span class='ocrx_word' id='word_1_144' title='bbox 875 1915 972 1985; x_wconf 88' lang='lat' dir='ltr'><strong>enim</strong></span> <span class='ocrx_word' id='word_1_145' title='bbox 985 1909 1027 2008; x_wconf 90' lang='lat'><strong>¹⁰)</strong></span> <span class='ocrx_word' id='word_1_146' title='bbox 1051 1906 1193 1998; x_wconf 90' lang='lat' dir='ltr'><strong>ingenia</strong></span> 
     </span>
     <span class='ocr_line' id='line_1_21' title="bbox 200 2009 1195 2114; baseline -0.02 -18"><span class='ocrx_word' id='word_1_147' title='bbox 200 2023 389 2114; x_wconf 86' lang='lat' dir='ltr'><strong>regionum</strong></span> <span class='ocrx_word' id='word_1_148' title='bbox 410 2019 567 2105; x_wconf 89' lang='lat' dir='ltr'><strong>naturis,</strong></span> <span class='ocrx_word' id='word_1_149' title='bbox 595 2033 630 2090; x_wconf 93' lang='lat' dir='ltr'><strong>et</strong></span> <span class='ocrx_word' id='word_1_150' title='bbox 654 2020 759 2108; x_wconf 89' lang='lat' dir='ltr'><strong>longe</strong></span> <span class='ocrx_word' id='word_1_151' title='bbox 779 2031 864 2089; x_wconf 89' lang='lat' dir='ltr'><strong>sunt</strong></span> <span class='ocrx_word' id='word_1_152' title='bbox 877 2016 1026 2087; x_wconf 85' lang='lat' dir='ltr'><strong>certiora</strong></span> <span class='ocrx_word' id='word_1_153' title='bbox 1050 2009 1195 2090; x_wconf 87' lang='lat' dir='ltr'><strong>iudicia,</strong></span> 
     </span>
     <span class='ocr_line' id='line_1_22' title="bbox 200 2114 1196 2216; baseline -0.021 -19"><span class='ocrx_word' id='word_1_154' title='bbox 200 2126 266 2216; x_wconf 85' lang='lat' dir='ltr'><strong>ubi</strong></span> <span class='ocrx_word' id='word_1_155' title='bbox 280 2136 497 2213; x_wconf 88' lang='lat' dir='ltr'><strong>magnasunt</strong></span> <span class='ocrx_word' id='word_1_156' title='bbox 510 2123 640 2209; x_wconf 89' lang='lat' dir='ltr'><strong>studia,</strong></span> <span class='ocrx_word' id='word_1_157' title='bbox 652 2145 778 2211; x_wconf 91' lang='lat' dir='ltr'><strong>magna</strong></span> <span class='ocrx_word' id='word_1_158' title='bbox 795 2120 1014 2214; x_wconf 76' lang='lat' dir='ltr'><strong>eruditorum</strong></span> <span class='ocrx_word' id='word_1_159' title='bbox 1027 2114 1196 2205; x_wconf 78' lang='lat' dir='ltr'><strong>frequen-</strong></span> 
     </span>
     <span class='ocr_line' id='line_1_23' title="bbox 201 2213 1196 2317; baseline -0.02 -18"><span class='ocrx_word' id='word_1_160' title='bbox 201 2229 254 2299; x_wconf 86' lang='lat' dir='ltr'><strong>tia</strong></span> <span class='ocrx_word' id='word_1_161' title='bbox 276 2241 310 2297; x_wconf 89' lang='lat' dir='ltr'><strong>et</strong></span> <span class='ocrx_word' id='word_1_162' title='bbox 335 2226 547 2317; x_wconf 90' lang='lat' dir='ltr'><strong>opinionum</strong></span> <span class='ocrx_word' id='word_1_163' title='bbox 563 2224 720 2297; x_wconf 89' lang='lat' dir='ltr'><strong>collatio.-</strong></span> <span class='ocrx_word' id='word_1_164' title='bbox 769 2222 875 2292; x_wconf 90' lang='lat' dir='ltr'><strong>Tales</strong></span> <span class='ocrx_word' id='word_1_165' title='bbox 903 2231 1024 2290; x_wconf 88' lang='lat' dir='ltr'><strong>coetus</strong></span> <span class='ocrx_word' id='word_1_166' title='bbox 1053 2213 1196 2295; x_wconf 88' lang='lat' dir='ltr'><strong>audire,</strong></span> 
     </span>
     <span class='ocr_line' id='line_1_24' title="bbox 198 2319 1195 2416; baseline -0.021 -14"><span class='ocrx_word' id='word_1_167' title='bbox 198 2344 383 2403; x_wconf 79' lang='lat' dir='ltr'><strong>eteorum</strong></span> <span class='ocrx_word' id='word_1_168' title='bbox 412 2349 620 2416; x_wconf 88' lang='lat' dir='ltr'><strong>cognoscere</strong></span> <span class='ocrx_word' id='word_1_169' title='bbox 654 2324 865 2395; x_wconf 86' lang='lat' dir='ltr'><strong>sententiam</strong></span> <span class='ocrx_word' id='word_1_170' title='bbox 889 2324 933 2390; x_wconf 91' lang='lat' dir='ltr'><strong>de</strong></span> <span class='ocrx_word' id='word_1_171' title='bbox 963 2319 1095 2388; x_wconf 90' lang='lat' dir='ltr'><strong>virtute</strong></span> <span class='ocrx_word' id='word_1_172' title='bbox 1116 2338 1195 2384; x_wconf 93' lang='lat' dir='ltr'><strong>om-</strong></span> 
     </span>
     <span class='ocr_line' id='line_1_25' title="bbox 203 2419 1194 2521; baseline -0.017 -21"><span class='ocrx_word' id='word_1_173' title='bbox 203 2431 307 2501; x_wconf 89' lang='lat' dir='ltr'><strong>nium</strong></span> <span class='ocrx_word' id='word_1_174' title='bbox 323 2424 585 2521; x_wconf 87' lang='lat' dir='ltr'><strong>pulcherrima,</strong></span> <span class='ocrx_word' id='word_1_175' title='bbox 624 2428 757 2496; x_wconf 87' lang='lat' dir='ltr'><strong>scilicet</strong></span> <span class='ocrx_word' id='word_1_176' title='bbox 771 2423 809 2518; x_wconf 88' lang='lat'><strong>¹¹)</strong></span> <span class='ocrx_word' id='word_1_177' title='bbox 832 2427 875 2494; x_wconf 91' lang='lat' dir='ltr'><strong>de</strong></span> <span class='ocrx_word' id='word_1_178' title='bbox 904 2421 1038 2493; x_wconf 84' lang='lat' dir='ltr'><strong>iustitia</strong></span> <span class='ocrx_word' id='word_1_179' title='bbox 1066 2419 1194 2508; x_wconf 90' lang='lat' dir='ltr'><strong>guber-</strong></span> 
     </span>
     <span class='ocr_line' id='line_1_26' title="bbox 204 2520 1195 2618; baseline -0.013 -15"><span class='ocrx_word' id='word_1_180' title='bbox 204 2532 340 2603; x_wconf 89' lang='lat' dir='ltr'><strong>natrice</strong></span> <span class='ocrx_word' id='word_1_181' title='bbox 360 2531 464 2600; x_wconf 86' lang='lat' dir='ltr'><strong>‘vitae</strong></span> <span class='ocrx_word' id='word_1_182' title='bbox 499 2525 693 2613; x_wconf 87' lang='lat' dir='ltr'><strong>humanae,</strong></span> <span class='ocrx_word' id='word_1_183' title='bbox 740 2520 924 2618; x_wconf 86' lang='lat' dir='ltr'><strong>ingens¹²)</strong></span> <span class='ocrx_word' id='word_1_184' title='bbox 953 2523 1102 2593; x_wconf 81' lang='lat' dir='ltr'><strong>felicitas</strong></span> <span class='ocrx_word' id='word_1_185' title='bbox 1133 2530 1195 2590; x_wconf 84' lang='lat' dir='ltr'><strong>est.</strong></span> 
     </span>
     <span class='ocr_line' id='line_1_27' title="bbox 203 2617 1195 2721; baseline -0.019 -16"><span class='ocrx_word' id='word_1_186' title='bbox 203 2632 323 2705; x_wconf 86' lang='lat' dir='ltr'><strong>Deum</strong></span> <span class='ocrx_word' id='word_1_187' title='bbox 351 2647 469 2703; x_wconf 90' lang='lat' dir='ltr'><strong>autem</strong></span> <span class='ocrx_word' id='word_1_188' title='bbox 502 2646 706 2715; x_wconf 86' lang='lat' dir='ltr'><strong>aeteruum,</strong></span> <span class='ocrx_word' id='word_1_189' title='bbox 744 2643 878 2721; x_wconf 88' lang='lat' dir='ltr'><strong>patrem</strong></span> <span class='ocrx_word' id='word_1_190' title='bbox 906 2624 1045 2696; x_wconf 91' lang='lat' dir='ltr'><strong>domini</strong></span> <span class='ocrx_word' id='word_1_191' title='bbox 1082 2617 1195 2690; x_wconf 91' lang='lat' dir='ltr'><strong>nostri</strong></span> 
     </span>
     <span class='ocr_line' id='line_1_28' title="bbox 207 2721 1197 2820; baseline -0.022 -10"><span class='ocrx_word' id='word_1_192' title='bbox 207 2733 310 2820; x_wconf 87' lang='lat' dir='ltr'><strong>l.C.,</strong></span> <span class='ocrx_word' id='word_1_193' title='bbox 335 2736 469 2804; x_wconf 82' lang='lat' dir='ltr'><strong>iontem</strong></span> <span class='ocrx_word' id='word_1_194' title='bbox 488 2734 658 2817; x_wconf 89' lang='lat' dir='ltr'><strong>iustitiae,</strong></span> <span class='ocrx_word' id='word_1_195' title='bbox 679 2756 761 2809; x_wconf 87' lang='lat' dir='ltr'><strong>oro,</strong></span> <span class='ocrx_word' id='word_1_196' title='bbox 784 2744 825 2801; x_wconf 92' lang='lat' dir='ltr'><strong>nt</strong></span> <span class='ocrx_word' id='word_1_197' title='bbox 839 2742 920 2799; x_wconf 90' lang='lat' dir='ltr'><strong>teet</strong></span> <span class='ocrx_word' id='word_1_198' title='bbox 935 2727 1026 2820; x_wconf 90' lang='lat' dir='ltr'><strong>patri</strong></span> <span class='ocrx_word' id='word_1_199' title='bbox 1043 2737 1077 2796; x_wconf 89' lang='lat' dir='ltr'><strong>et</strong></span> <span class='ocrx_word' id='word_1_200' title='bbox 1092 2721 1197 2795; x_wconf 90' lang='lat' dir='ltr'><strong>nobis</strong></span> 
     </span>
    </p>
   </div>
   <div class='ocr_carea' id='block_1_9' title="bbox 2071 939 2328 1058">
    <p class='ocr_par' dir='ltr' id='par_1_9' title="bbox 2071 939 2328 1058">
     <span class='ocr_line' id='line_1_29' title="bbox 2071 939 2328 1058; baseline -0.035 -8"><span class='ocrx_word' id='word_1_201' title='bbox 2071 990 2126 1050; x_wconf 80' lang='grc'><strong>18.</strong></span> <span class='ocrx_word' id='word_1_202' title='bbox 2146 939 2221 1048; x_wconf 73' lang='lat' dir='ltr'><strong>lleo.</strong></span> <span class='ocrx_word' id='word_1_203' title='bbox 2324 1052 2328 1058; x_wconf 18' lang='grc' dir='ltr'>ἱ</span> 
     </span>
    </p>
   </div>
   <div class='ocr_carea' id='block_1_10' title="bbox 2057 1073 2230 1101">
    <p class='ocr_par' dir='ltr' id='par_1_10' title="bbox 2057 1073 2230 1101">
     <span class='ocr_line' id='line_1_30' title="bbox 2057 1073 2230 1101; baseline -0.023 1"><span class='ocrx_word' id='word_1_204' title='bbox 2057 1073 2230 1101; x_wconf 53' lang='lat' dir='ltr'><strong>m</strong></span> 
     </span>
    </p>
   </div>
   <div class='ocr_carea' id='block_1_11' title="bbox 1310 1159 2237 1380">
    <p class='ocr_par' dir='ltr' id='par_1_11' title="bbox 1310 1159 2237 1380">
     <span class='ocr_line' id='line_1_31' title="bbox 1455 1159 1963 1257; baseline -0.006 -10"><span class='ocrx_word' id='word_1_205' title='bbox 1455 1239 1469 1257; x_wconf 63' lang='lat'>„</span> <span class='ocrx_word' id='word_1_206' title='bbox 1509 1163 1662 1248; x_wconf 80' lang='lat' dir='ltr'><strong>Iooclt.</strong></span> <span class='ocrx_word' id='word_1_207' title='bbox 1695 1159 1963 1250; x_wconf 70' lang='lat' dir='ltr'><strong>cameraria·</strong></span> 
     </span>
     <span class='ocr_line' id='line_1_32' title="bbox 1310 1301 2237 1380; baseline -0.001 -18"><span class='ocrx_word' id='word_1_208' title='bbox 1310 1308 1395 1380; x_wconf 80' lang='lat' dir='ltr'><strong>Epist.</strong></span> <span class='ocrx_word' id='word_1_209' title='bbox 1411 1305 1444 1363; x_wconf 88' lang='lat' dir='ltr'><strong>ad</strong></span> <span class='ocrx_word' id='word_1_210' title='bbox 1460 1304 1600 1362; x_wconf 85' lang='lat' dir='ltr'><strong>Camerar.</strong></span> <span class='ocrx_word' id='word_1_211' title='bbox 1616 1323 1642 1376; x_wconf 88' lang='lat' dir='ltr'><strong>p.</strong></span> <span class='ocrx_word' id='word_1_212' title='bbox 1656 1303 1709 1358; x_wconf 81' lang='lat'><strong>490</strong></span> <span class='ocrx_word' id='word_1_213' title='bbox 1721 1323 1780 1377; x_wconf 82' lang='lat' dir='ltr'><strong>sqq.</strong></span> <span class='ocrx_word' id='word_1_214' title='bbox 1797 1303 1852 1373; x_wconf 87' lang='lat' dir='ltr'><strong>(ed.</strong></span> <span class='ocrx_word' id='word_1_215' title='bbox 1866 1301 1955 1361; x_wconf 63' lang='lat' dir='ltr'><strong>hut.</strong></span> <span class='ocrx_word' id='word_1_216' title='bbox 1969 1302 2017 1358; x_wconf 86' lang='lat' dir='ltr'><strong>lib.</strong></span> <span class='ocrx_word' id='word_1_217' title='bbox 2033 1303 2081 1362; x_wconf 79' lang='lat' dir='ltr'><strong>[V.</strong></span> <span class='ocrx_word' id='word_1_218' title='bbox 2095 1321 2140 1374; x_wconf 89' lang='lat' dir='ltr'><strong>ep.</strong></span> <span class='ocrx_word' id='word_1_219' title='bbox 2152 1303 2237 1375; x_wconf 81' lang='grc'><strong>650.).</strong></span> 
     </span>
    </p>
   </div>
   <div class='ocr_carea' id='block_1_12' title="bbox 1243 1455 2241 1740">
    <p class='ocr_par' dir='ltr' id='par_1_12' title="bbox 1243 1455 2241 1740">
     <span class='ocr_line' id='line_1_33' title="bbox 1244 1455 2241 1560; baseline -0.002 -24"><span class='ocrx_word' id='word_1_220' title='bbox 1244 1455 1470 1536; x_wconf 66' lang='lat' dir='ltr'><strong>Clarissimo</strong></span> <span class='ocrx_word' id='word_1_221' title='bbox 1491 1462 1569 1534; x_wconf 77' lang='lat' dir='ltr'><strong>viro</strong></span> <span class='ocrx_word' id='word_1_222' title='bbox 1592 1456 1795 1533; x_wconf 81' lang='lat' dir='ltr'><strong>eruditione</strong></span> <span class='ocrx_word' id='word_1_223' title='bbox 1825 1471 1857 1531; x_wconf 82' lang='lat' dir='ltr'><strong>ct</strong></span> <span class='ocrx_word' id='word_1_224' title='bbox 1879 1459 2009 1532; x_wconf 80' lang='lat' dir='ltr'><strong>virtute</strong></span> <span class='ocrx_word' id='word_1_225' title='bbox 2029 1464 2241 1560; x_wconf 80' lang='lat' dir='ltr'><strong>praestanti</strong></span> 
     </span>
     <span class='ocr_line' id='line_1_34' title="bbox 1243 1557 2238 1658; baseline -0.004 -17"><span class='ocrx_word' id='word_1_226' title='bbox 1243 1564 1404 1641; x_wconf 76' lang='lat' dir='ltr'><strong>Ioact.</strong></span> <span class='ocrx_word' id='word_1_227' title='bbox 1440 1559 1716 1639; x_wconf 82' lang='lat' dir='ltr'><strong>Camerario</strong></span> <span class='ocrx_word' id='word_1_228' title='bbox 1744 1557 1973 1658; x_wconf 80' lang='lat' dir='ltr'><strong>Pobergensi</strong></span> <span class='ocrx_word' id='word_1_229' title='bbox 2010 1564 2130 1635; x_wconf 83' lang='lat' dir='ltr'><strong>amico</strong></span> <span class='ocrx_word' id='word_1_230' title='bbox 2170 1590 2238 1637; x_wconf 82' lang='lat' dir='ltr'><strong>sno</strong></span> 
     </span>
     <span class='ocr_line' id='line_1_35' title="bbox 1674 1689 1804 1740; baseline 0.015 -3"><span class='ocrx_word' id='word_1_231' title='bbox 1674 1689 1804 1740; x_wconf 81' lang='lat' dir='ltr'><strong>conss.</strong></span> 
     </span>
    </p>
   </div>
   <div class='ocr_carea' id='block_1_13' title="bbox 1246 1783 2239 1877">
    <p class='ocr_par' dir='ltr' id='par_1_13' title="bbox 1246 1783 2239 1877">
     <span class='ocr_line' id='line_1_36' title="bbox 1246 1783 2239 1877; baseline -0.003 -2"><span class='ocrx_word' id='word_1_232' title='bbox 1246 1783 1291 1875; x_wconf 80' lang='lat' dir='ltr'><strong>S.</strong></span> <span class='ocrx_word' id='word_1_233' title='bbox 1316 1799 1363 1877; x_wconf 92' lang='lat' dir='ltr'><strong>D.</strong></span> <span class='ocrx_word' id='word_1_234' title='bbox 1412 1800 1494 1872; x_wconf 91' lang='lat' dir='ltr'><strong>Non</strong></span> <span class='ocrx_word' id='word_1_235' title='bbox 1518 1802 1645 1872; x_wconf 89' lang='lat' dir='ltr'><strong>dubito</strong></span> <span class='ocrx_word' id='word_1_236' title='bbox 1668 1813 1703 1871; x_wconf 89' lang='lat' dir='ltr'><strong>te</strong></span> <span class='ocrx_word' id='word_1_237' title='bbox 1726 1801 1770 1869; x_wconf 92' lang='lat' dir='ltr'><strong>de</strong></span> <span class='ocrx_word' id='word_1_238' title='bbox 1800 1795 1952 1871; x_wconf 84' lang='lat' dir='ltr'><strong>Valerii</strong></span> <span class='ocrx_word' id='word_1_239' title='bbox 1973 1790 2093 1869; x_wconf 87' lang='lat' dir='ltr'><strong>Cordi</strong></span> <span class='ocrx_word' id='word_1_240' title='bbox 2114 1802 2239 1872; x_wconf 89' lang='lat' dir='ltr'><strong>interi-</strong></span> 
     </span>
    </p>
   </div>
   <div class='ocr_carea' id='block_1_14' title="bbox 1246 1902 2240 2404">
    <p class='ocr_par' dir='ltr' id='par_1_14' title="bbox 1246 1902 2240 2404">
     <span class='ocr_line' id='line_1_37' title="bbox 1246 1902 2238 1994; baseline -0.004 -17"><span class='ocrx_word' id='word_1_241' title='bbox 1246 1921 1286 1977; x_wconf 92' lang='lat' dir='ltr'><strong>tu</strong></span> <span class='ocrx_word' id='word_1_242' title='bbox 1309 1902 1519 1994; x_wconf 87' lang='lat' dir='ltr'><strong>cogitantem</strong></span> <span class='ocrx_word' id='word_1_243' title='bbox 1547 1917 1582 1973; x_wconf 89' lang='lat' dir='ltr'><strong>et</strong></span> <span class='ocrx_word' id='word_1_244' title='bbox 1608 1904 1652 1972; x_wconf 91' lang='lat' dir='ltr'><strong>de</strong></span> <span class='ocrx_word' id='word_1_245' title='bbox 1679 1902 1812 1973; x_wconf 88' lang='lat' dir='ltr'><strong>virtute</strong></span> <span class='ocrx_word' id='word_1_246' title='bbox 1840 1902 2095 1986; x_wconf 88' lang='lat' dir='ltr'><strong>adolescentis,</strong></span> <span class='ocrx_word' id='word_1_247' title='bbox 2128 1918 2162 1973; x_wconf 86' lang='lat' dir='ltr'><strong>et</strong></span> <span class='ocrx_word' id='word_1_248' title='bbox 2193 1907 2238 1972; x_wconf 90' lang='lat' dir='ltr'><strong>de</strong></span> 
     </span>
     <span class='ocr_line' id='line_1_38' title="bbox 1247 2003 2239 2098; baseline -0.002 -22"><span class='ocrx_word' id='word_1_249' title='bbox 1247 2020 1381 2090; x_wconf 88' lang='lat' dir='ltr'><strong>matre,</strong></span> <span class='ocrx_word' id='word_1_250' title='bbox 1400 2009 1444 2075; x_wconf 64' lang='lat' dir='ltr'><strong>‘et</strong></span> <span class='ocrx_word' id='word_1_251' title='bbox 1466 2008 1510 2075; x_wconf 91' lang='lat' dir='ltr'><strong>de</strong></span> <span class='ocrx_word' id='word_1_252' title='bbox 1534 2005 1689 2076; x_wconf 88' lang='lat' dir='ltr'><strong>amicitia</strong></span> <span class='ocrx_word' id='word_1_253' title='bbox 1717 2028 1807 2098; x_wconf 86' lang='lat' dir='ltr'><strong>quae</strong></span> <span class='ocrx_word' id='word_1_254' title='bbox 1836 2003 1903 2073; x_wconf 89' lang='lat' dir='ltr'><strong>tibi</strong></span> <span class='ocrx_word' id='word_1_255' title='bbox 1927 2027 2007 2073; x_wconf 92' lang='lat' dir='ltr'><strong>cum</strong></span> <span class='ocrx_word' id='word_1_256' title='bbox 2030 2017 2129 2094; x_wconf 92' lang='lat' dir='ltr'><strong>patre</strong></span> <span class='ocrx_word' id='word_1_257' title='bbox 2150 2005 2239 2090; x_wconf 87' lang='lat' dir='ltr'><strong>fnit,</strong></span> 
     </span>
     <span class='ocr_line' id='line_1_39' title="bbox 1246 2105 2240 2198; baseline -0.003 -20"><span class='ocrx_word' id='word_1_258' title='bbox 1246 2109 1713 2179; x_wconf 88' lang='lat' dir='ltr'><strong>valdeconsternatumesse.</strong></span> <span class='ocrx_word' id='word_1_259' title='bbox 1766 2105 1827 2176; x_wconf 87' lang='lat' dir='ltr'><strong>Me</strong></span> <span class='ocrx_word' id='word_1_260' title='bbox 1837 2129 1919 2176; x_wconf 80' lang='lat' dir='ltr'><strong>vero</strong></span> <span class='ocrx_word' id='word_1_261' title='bbox 1929 2129 2000 2198; x_wconf 90' lang='lat' dir='ltr'><strong>quo</strong></span> <span class='ocrx_word' id='word_1_262' title='bbox 2015 2105 2129 2173; x_wconf 90' lang='lat' dir='ltr'><strong>dicam</strong></span> <span class='ocrx_word' id='word_1_263' title='bbox 2140 2131 2240 2177; x_wconf 85' lang='lat' dir='ltr'><strong>exer-</strong></span> 
     </span>
     <span class='ocr_line' id='line_1_40' title="bbox 1248 2204 2239 2303; baseline -0.001 -22"><span class='ocrx_word' id='word_1_264' title='bbox 1248 2210 1319 2281; x_wconf 90' lang='lat' dir='ltr'><strong>ceri</strong></span> <span class='ocrx_word' id='word_1_265' title='bbox 1338 2212 1411 2279; x_wconf 88' lang='lat' dir='ltr'><strong>lato</strong></span> <span class='ocrx_word' id='word_1_266' title='bbox 1433 2204 1501 2279; x_wconf 93' lang='lat' dir='ltr'><strong>hoc</strong></span> <span class='ocrx_word' id='word_1_267' title='bbox 1524 2234 1639 2295; x_wconf 89' lang='lat' dir='ltr'><strong>anno,</strong></span> <span class='ocrx_word' id='word_1_268' title='bbox 1667 2233 1739 2303; x_wconf 94' lang='lat' dir='ltr'><strong>quo</strong></span> <span class='ocrx_word' id='word_1_269' title='bbox 1764 2221 1817 2278; x_wconf 92' lang='lat' dir='ltr'><strong>tot</strong></span> <span class='ocrx_word' id='word_1_270' title='bbox 1849 2207 1967 2298; x_wconf 90' lang='lat' dir='ltr'><strong>accepi</strong></span> <span class='ocrx_word' id='word_1_271' title='bbox 1997 2207 2165 2293; x_wconf 90' lang='lat' dir='ltr'><strong>vulnera,</strong></span> <span class='ocrx_word' id='word_1_272' title='bbox 2198 2221 2239 2280; x_wconf 91' lang='lat' dir='ltr'><strong>ut</strong></span> 
     </span>
     <span class='ocr_line' id='line_1_41' title="bbox 1247 2307 2035 2404; baseline -0.006 -22"><span class='ocrx_word' id='word_1_273' title='bbox 1247 2336 1348 2404; x_wconf 84' lang='lat' dir='ltr'><strong>saepe</strong></span> <span class='ocrx_word' id='word_1_274' title='bbox 1365 2334 1506 2402; x_wconf 90' lang='lat' dir='ltr'><strong>gemens</strong></span> <span class='ocrx_word' id='word_1_275' title='bbox 1525 2311 1614 2380; x_wconf 92' lang='lat' dir='ltr'><strong>illud</strong></span> <span class='ocrx_word' id='word_1_276' title='bbox 1632 2307 1862 2379; x_wconf 90' lang='lat' dir='ltr'><strong>Homericum</strong></span> <span class='ocrx_word' id='word_1_277' title='bbox 1873 2311 2035 2399; x_wconf 88' lang='lat' dir='ltr'><strong>cogitem,</strong></span> 
     </span>
    </p>
   </div>
   <div class='ocr_carea' id='block_1_15' title="bbox 1247 2421 2265 2630">
    <p class='ocr_par' dir='ltr' id='par_1_15' title="bbox 1247 2421 2265 2630">
     <span class='ocr_line' id='line_1_42' title="bbox 1332 2421 1970 2508; baseline -0.003 -18"><span class='ocrx_word' id='word_1_278' title='bbox 1332 2421 1375 2501; x_wconf 81' lang='grc' dir='ltr'><strong>ὥς</strong></span> <span class='ocrx_word' id='word_1_279' title='bbox 1394 2425 1449 2507; x_wconf 74' lang='grc' dir='ltr'><strong>μοὶ</strong></span> <span class='ocrx_word' id='word_1_280' title='bbox 1471 2423 1589 2508; x_wconf 58' lang='grc' dir='ltr'><strong>δέχεται</strong></span> <span class='ocrx_word' id='word_1_281' title='bbox 1612 2421 1709 2488; x_wconf 78' lang='grc' dir='ltr'><strong><em>κακὸν</em></strong></span> <span class='ocrx_word' id='word_1_282' title='bbox 1730 2423 1764 2488; x_wconf 72' lang='grc' dir='ltr'><strong>ἐκ</strong></span> <span class='ocrx_word' id='word_1_283' title='bbox 1786 2426 1883 2487; x_wconf 81' lang='grc' dir='ltr'><strong><em>κακοῦ</em></strong></span> <span class='ocrx_word' id='word_1_284' title='bbox 1902 2425 1970 2488; x_wconf 80' lang='lat' dir='ltr'><strong>olel.</strong></span> 
     </span>
     <span class='ocr_line' id='line_1_43' title="bbox 1247 2531 2265 2630; baseline -0.003 -22"><span class='ocrx_word' id='word_1_285' title='bbox 1247 2535 1318 2609; x_wconf 87' lang='lat' dir='ltr'><strong>Sed</strong></span> <span class='ocrx_word' id='word_1_286' title='bbox 1358 2533 1622 2605; x_wconf 88' lang='lat' dir='ltr'><strong>commonelieri</strong></span> <span class='ocrx_word' id='word_1_287' title='bbox 1657 2555 1716 2601; x_wconf 88' lang='lat' dir='ltr'><strong>me</strong></span> <span class='ocrx_word' id='word_1_288' title='bbox 1756 2531 1932 2602; x_wconf 90' lang='lat' dir='ltr'><strong>divinitus</strong></span> <span class='ocrx_word' id='word_1_289' title='bbox 1973 2554 2144 2621; x_wconf 90' lang='lat' dir='ltr'><strong>agnosco,</strong></span> <span class='ocrx_word' id='word_1_290' title='bbox 2198 2558 2265 2630; x_wconf 18' lang='lat' dir='ltr'><strong>acy</strong></span> 
     </span>
    </p>
   </div>
   <div class='ocr_carea' id='block_1_16' title="bbox 1246 2628 2241 2825">
    <p class='ocr_par' dir='ltr' id='par_1_16' title="bbox 1246 2628 2241 2825">
     <span class='ocr_line' id='line_1_44' title="bbox 1246 2628 2241 2721; baseline -0.002 -13"><span class='ocrx_word' id='word_1_291' title='bbox 1246 2639 1360 2710; x_wconf 89' lang='lat' dir='ltr'><strong>filium</strong></span> <span class='ocrx_word' id='word_1_292' title='bbox 1376 2633 1444 2706; x_wconf 90' lang='lat' dir='ltr'><strong>Dei</strong></span> <span class='ocrx_word' id='word_1_293' title='bbox 1460 2637 1646 2705; x_wconf 89' lang='lat' dir='ltr'><strong>dominum</strong></span> <span class='ocrx_word' id='word_1_294' title='bbox 1660 2647 1820 2703; x_wconf 90' lang='lat' dir='ltr'><strong>nostrum</strong></span> <span class='ocrx_word' id='word_1_295' title='bbox 1836 2630 1951 2702; x_wconf 91' lang='lat' dir='ltr'><strong>lesum</strong></span> <span class='ocrx_word' id='word_1_296' title='bbox 1967 2628 2148 2704; x_wconf 86' lang='lat' dir='ltr'><strong>Christum</strong></span> <span class='ocrx_word' id='word_1_297' title='bbox 2164 2660 2241 2721; x_wconf 89' lang='lat' dir='ltr'><strong>oro,</strong></span> 
     </span>
     <span class='ocr_line' id='line_1_45' title="bbox 1247 2734 2239 2825; baseline -0.008 -11"><span class='ocrx_word' id='word_1_298' title='bbox 1247 2756 1289 2814; x_wconf 89' lang='lat' dir='ltr'><strong>ut</strong></span> <span class='ocrx_word' id='word_1_299' title='bbox 1311 2755 1346 2810; x_wconf 89' lang='lat' dir='ltr'><strong>et</strong></span> <span class='ocrx_word' id='word_1_300' title='bbox 1368 2734 1458 2807; x_wconf 90' lang='lat' dir='ltr'><strong>mihi</strong></span> <span class='ocrx_word' id='word_1_301' title='bbox 1482 2751 1516 2807; x_wconf 90' lang='lat' dir='ltr'><strong>et</strong></span> <span class='ocrx_word' id='word_1_302' title='bbox 1542 2737 1620 2805; x_wconf 91' lang='lat' dir='ltr'><strong>aliis</strong></span> <span class='ocrx_word' id='word_1_303' title='bbox 1646 2736 1763 2825; x_wconf 87' lang='lat' dir='ltr'><strong>ipsum</strong></span> <span class='ocrx_word' id='word_1_304' title='bbox 1780 2735 2030 2805; x_wconf 90' lang='lat' dir='ltr'><strong>invocantibus</strong></span> <span class='ocrx_word' id='word_1_305' title='bbox 2051 2760 2239 2806; x_wconf 89' lang='lat' dir='ltr'><strong>aerumnas</strong></span> 
     </span>
    </p>
   </div>
   <div class='ocr_carea' id='block_1_17' title="bbox 205 2823 2361 5584">
    <p class='ocr_par' dir='ltr' id='par_1_17' title="bbox 205 2823 2360 4864">
     <span class='ocr_line' id='line_1_46' title="bbox 205 2823 2239 2933; baseline -0.008 -25"><span class='ocrx_word' id='word_1_306' title='bbox 205 2837 374 2909; x_wconf 91' lang='lat' dir='ltr'><strong>omnibus</strong></span> <span class='ocrx_word' id='word_1_307' title='bbox 391 2836 605 2904; x_wconf 87' lang='lat' dir='ltr'><strong>incolumem</strong></span> <span class='ocrx_word' id='word_1_308' title='bbox 627 2836 804 2917; x_wconf 87' lang='lat' dir='ltr'><strong>restituat,</strong></span> <span class='ocrx_word' id='word_1_309' title='bbox 838 2847 941 2926; x_wconf 88' lang='lat' dir='ltr'><strong>teque</strong></span> <span class='ocrx_word' id='word_1_310' title='bbox 956 2833 1001 2898; x_wconf 91' lang='lat' dir='ltr'><strong>ad</strong></span> <span class='ocrx_word' id='word_1_311' title='bbox 1019 2823 1196 2917; x_wconf 85' lang='lat' dir='ltr'><strong>rempubl.</strong></span> <span class='ocrx_word' id='word_1_312' title='bbox 1247 2843 1395 2933; x_wconf 58' lang='lat' dir='ltr'><strong>mitiget,</strong></span> <span class='ocrx_word' id='word_1_313' title='bbox 1455 2836 1623 2927; x_wconf 67' lang='lat' dir='ltr'><strong>Quicum</strong></span> <span class='ocrx_word' id='word_1_314' title='bbox 1648 2836 1778 2906; x_wconf 66' lang='lat' dir='ltr'><strong>dixerit</strong></span> <span class='ocrx_word' id='word_1_315' title='bbox 1801 2832 1871 2908; x_wconf 72' lang='grc' dir='ltr'><strong>οὐχ</strong></span> <span class='ocrx_word' id='word_1_316' title='bbox 1895 2829 2051 2931; x_wconf 55' lang='grc' dir='ltr'><em>ἁρπάσει</em></span> <span class='ocrx_word' id='word_1_317' title='bbox 2074 2862 2129 2917; x_wconf 53' lang='grc' dir='ltr'><strong>τις</strong></span> <span class='ocrx_word' id='word_1_318' title='bbox 2146 2834 2239 2930; x_wconf 65' lang='grc' dir='ltr'><em>πρό.</em></span> 
     </span>
     <span class='ocr_line' id='line_1_47' title="bbox 205 2925 2360 3057; baseline -0.005 -35"><span class='ocrx_word' id='word_1_319' title='bbox 205 2934 389 3057; x_wconf 56' lang='grc' dir='ltr'><strong>Ρῐθνθῆξῑ·</strong></span> <span class='ocrx_word' id='word_1_320' title='bbox 440 2936 554 3055; x_wconf 70' lang='lat' dir='ltr'><strong>Satis,</strong></span> <span class='ocrx_word' id='word_1_321' title='bbox 579 2936 698 3055; x_wconf 66' lang='lat' dir='ltr'><strong>inqua</strong></span> <span class='ocrx_word' id='word_1_322' title='bbox 724 2936 802 3019; x_wconf 66' lang='lat' dir='ltr'><strong>ille,</strong></span> <span class='ocrx_word' id='word_1_323' title='bbox 828 2957 995 3051; x_wconf 63' lang='lat' dir='ltr'><strong>mtgssujss</strong></span> <span class='ocrx_word' id='word_1_324' title='bbox 1018 2925 1196 3002; x_wconf 65' lang='lat' dir='ltr'><strong>lhefllfflm</strong></span> <span class='ocrx_word' id='word_1_325' title='bbox 1247 2936 1349 3042; x_wconf 78' lang='grc' dir='ltr'><strong><em>βατά</em></strong></span> <span class='ocrx_word' id='word_1_326' title='bbox 1365 2965 1441 3035; x_wconf 83' lang='grc' dir='ltr'><strong>μου</strong></span> <span class='ocrx_word' id='word_1_327' title='bbox 1457 2939 1497 3012; x_wconf 81' lang='grc' dir='ltr'><strong>ἐκ</strong></span> <span class='ocrx_word' id='word_1_328' title='bbox 1511 2943 1575 3034; x_wconf 83' lang='grc' dir='ltr'><strong>τῆς</strong></span> <span class='ocrx_word' id='word_1_329' title='bbox 1585 2931 1709 3034; x_wconf 78' lang='grc' dir='ltr'><strong><em>χειρός</em></strong></span> <span class='ocrx_word' id='word_1_330' title='bbox 1722 2963 1817 3030; x_wconf 84' lang='grc' dir='ltr'><strong><em>μου,</em></strong></span> <span class='ocrx_word' id='word_1_331' title='bbox 1842 2962 1917 3007; x_wconf 92' lang='lat' dir='ltr'><strong>non</strong></span> <span class='ocrx_word' id='word_1_332' title='bbox 1942 2940 2034 3010; x_wconf 90' lang='lat' dir='ltr'><strong>sinet</strong></span> <span class='ocrx_word' id='word_1_333' title='bbox 2046 2963 2112 3009; x_wconf 92' lang='lat' dir='ltr'><strong>nos</strong></span> <span class='ocrx_word' id='word_1_334' title='bbox 2127 2943 2239 3011; x_wconf 89' lang='lat' dir='ltr'><strong>deleri</strong></span> <span class='ocrx_word' id='word_1_335' title='bbox 2354 2948 2360 2955; x_wconf 83' lang='grc'><em>“</em></span> 
     </span>
     <span class='ocr_line' id='line_1_48' title="bbox 205 3022 2238 3159; baseline -0.007 -31"><span class='ocrx_word' id='word_1_336' title='bbox 205 3055 260 3113; x_wconf 57' lang='lat'><strong>2⁵²</strong></span> <span class='ocrx_word' id='word_1_337' title='bbox 283 3063 417 3159; x_wconf 62' lang='lat' dir='ltr'><strong>mmm}</strong></span> <span class='ocrx_word' id='word_1_338' title='bbox 437 3064 561 3157; x_wconf 55' lang='lat'><strong>{¹⁰¹⁶0·</strong></span> <span class='ocrx_word' id='word_1_339' title='bbox 612 3037 727 3154; x_wconf 53' lang='lat' dir='ltr'><strong>F¹l¹¹¹f</strong></span> <span class='ocrx_word' id='word_1_340' title='bbox 746 3025 1198 3128; x_wconf 53' lang='grc' dir='ltr'><strong>ν1ΓοΡΝἩῘΡῙΠΠῙῙ11113·</strong></span> <span class='ocrx_word' id='word_1_341' title='bbox 1249 3044 1464 3118; x_wconf 87' lang='lat' dir='ltr'><strong>afurentib.</strong></span> <span class='ocrx_word' id='word_1_342' title='bbox 1493 3057 1526 3113; x_wconf 90' lang='lat' dir='ltr'><strong>et</strong></span> <span class='ocrx_word' id='word_1_343' title='bbox 1555 3043 1795 3131; x_wconf 85' lang='lat' dir='ltr'><strong>grassantibus</strong></span> <span class='ocrx_word' id='word_1_344' title='bbox 1824 3042 2008 3132; x_wconf 85' lang='lat' dir='ltr'><strong>spiritibus</strong></span> <span class='ocrx_word' id='word_1_345' title='bbox 2039 3022 2238 3130; x_wconf 86' lang='lat' dir='ltr'><strong>homicidis,</strong></span> 
     </span>
     <span class='ocr_line' id='line_1_49' title="bbox 206 3136 2239 3262; baseline -0.008 -30"><span class='ocrx_word' id='word_1_346' title='bbox 206 3158 305 3262; x_wconf 57' lang='lat' dir='ltr'><strong>lfllm</strong></span> <span class='ocrx_word' id='word_1_347' title='bbox 321 3139 360 3232; x_wconf 70' lang='lat'><strong>¹³)</strong></span> <span class='ocrx_word' id='word_1_348' title='bbox 384 3145 452 3261; x_wconf 63' lang='lat' dir='ltr'><strong>{¹b¹</strong></span> <span class='ocrx_word' id='word_1_349' title='bbox 475 3142 596 3210; x_wconf 71' lang='lat' dir='ltr'><strong>⁰⁰U¹⁰⁸</strong></span> <span class='ocrx_word' id='word_1_350' title='bbox 621 3153 730 3232; x_wconf 66' lang='lat' dir='ltr'><strong>Patris</strong></span> <span class='ocrx_word' id='word_1_351' title='bbox 752 3154 786 3209; x_wconf 69' lang='lat'><strong>⁰¹</strong></span> <span class='ocrx_word' id='word_1_352' title='bbox 808 3162 951 3208; x_wconf 63' lang='lat' dir='ltr'><strong>sensum</strong></span> <span class='ocrx_word' id='word_1_353' title='bbox 976 3159 1050 3204; x_wconf 70' lang='lat'><strong>⁰⁵⁸⁰</strong></span> <span class='ocrx_word' id='word_1_354' title='bbox 1075 3136 1197 3213; x_wconf 89' lang='lat' dir='ltr'><strong>ducat;</strong></span> <span class='ocrx_word' id='word_1_355' title='bbox 1249 3147 1319 3218; x_wconf 89' lang='lat' dir='ltr'><strong>Dei</strong></span> <span class='ocrx_word' id='word_1_356' title='bbox 1339 3143 1510 3217; x_wconf 89' lang='lat' dir='ltr'><strong>hostibus.</strong></span> <span class='ocrx_word' id='word_1_357' title='bbox 1557 3142 1651 3212; x_wconf 88' lang='lat' dir='ltr'><strong>Toto</strong></span> <span class='ocrx_word' id='word_1_358' title='bbox 1667 3138 1735 3212; x_wconf 92' lang='lat' dir='ltr'><strong>hoc</strong></span> <span class='ocrx_word' id='word_1_359' title='bbox 1749 3167 1844 3211; x_wconf 90' lang='lat' dir='ltr'><strong>anno</strong></span> <span class='ocrx_word' id='word_1_360' title='bbox 1861 3146 2001 3236; x_wconf 88' lang='lat' dir='ltr'><strong>quoties</strong></span> <span class='ocrx_word' id='word_1_361' title='bbox 2017 3144 2153 3236; x_wconf 90' lang='lat' dir='ltr'><strong>aliquid</strong></span> <span class='ocrx_word' id='word_1_362' title='bbox 2169 3148 2239 3216; x_wconf 85' lang='lat' dir='ltr'><strong>oh-</strong></span> 
     </span>
     <span class='ocr_line' id='line_1_50' title="bbox 206 3236 2351 3336; baseline -0.005 -22"><span class='ocrx_word' id='word_1_363' title='bbox 206 3242 293 3316; x_wconf 75' lang='lat' dir='ltr'><strong>hunc</strong></span> <span class='ocrx_word' id='word_1_364' title='bbox 310 3267 460 3314; x_wconf 77' lang='lat' dir='ltr'><strong>maxime</strong></span> <span class='ocrx_word' id='word_1_365' title='bbox 478 3245 616 3336; x_wconf 89' lang='lat' dir='ltr'><strong>placere</strong></span> <span class='ocrx_word' id='word_1_366' title='bbox 631 3239 677 3328; x_wconf 85' lang='lat'><strong>¹⁴)</strong></span> <span class='ocrx_word' id='word_1_367' title='bbox 701 3243 851 3314; x_wconf 87' lang='lat' dir='ltr'><strong>studeat.</strong></span> <span class='ocrx_word' id='word_1_368' title='bbox 903 3237 979 3310; x_wconf 88' lang='lat' dir='ltr'><strong>Scis</strong></span> <span class='ocrx_word' id='word_1_369' title='bbox 1003 3249 1198 3324; x_wconf 88' lang='lat' dir='ltr'><strong>autempa-</strong></span> <span class='ocrx_word' id='word_1_370' title='bbox 1250 3250 1406 3320; x_wconf 53' lang='lat' dir='ltr'><strong>,cupide</strong></span> <span class='ocrx_word' id='word_1_371' title='bbox 1437 3245 1568 3336; x_wconf 61' lang='lat' dir='ltr'><strong>plangis</strong></span> <span class='ocrx_word' id='word_1_372' title='bbox 1596 3258 1658 3314; x_wconf 68' lang='lat' dir='ltr'><strong>aut</strong></span> <span class='ocrx_word' id='word_1_373' title='bbox 1683 3244 1927 3315; x_wconf 57' lang='lat' dir='ltr'><strong>animantibus</strong></span> <span class='ocrx_word' id='word_1_374' title='bbox 1950 3246 2039 3334; x_wconf 73' lang='lat' dir='ltr'><strong>legi,</strong></span> <span class='ocrx_word' id='word_1_375' title='bbox 2076 3247 2175 3319; x_wconf 63' lang='lat' dir='ltr'><strong>venit</strong></span> <span class='ocrx_word' id='word_1_376' title='bbox 2198 3248 2238 3318; x_wconf 74' lang='lat' dir='ltr'><strong>in</strong></span> <span class='ocrx_word' id='word_1_377' title='bbox 2347 3236 2351 3242; x_wconf 84' lang='lat'>&#39;</span> 
     </span>
     <span class='ocr_line' id='line_1_51' title="bbox 208 3321 2238 3440; baseline -0.005 -9"><span class='ocrx_word' id='word_1_378' title='bbox 208 3362 321 3431; x_wconf 66' lang='lat' dir='ltr'><strong>irem,</strong></span> <span class='ocrx_word' id='word_1_379' title='bbox 354 3321 759 3434; x_wconf 62' lang='grc' dir='ltr'><strong>θῑδῑὲθῦθΐῑδῑίὂΐῖῑθῑθ</strong></span> <span class='ocrx_word' id='word_1_380' title='bbox 784 3335 1198 3432; x_wconf 63' lang='lat' dir='ltr'><strong>⁰l⁰Plb1¹⁸l⁰lelclV⁸⁵</strong></span> <span class='ocrx_word' id='word_1_381' title='bbox 1250 3364 1405 3422; x_wconf 87' lang='lat' dir='ltr'><strong>mentem</strong></span> <span class='ocrx_word' id='word_1_382' title='bbox 1436 3340 1571 3432; x_wconf 85' lang='lat' dir='ltr'><strong>Cordi,</strong></span> <span class='ocrx_word' id='word_1_383' title='bbox 1604 3371 1709 3440; x_wconf 88' lang='lat' dir='ltr'><strong>quem</strong></span> <span class='ocrx_word' id='word_1_384' title='bbox 1742 3369 1920 3415; x_wconf 92' lang='lat' dir='ltr'><strong>reversum</strong></span> <span class='ocrx_word' id='word_1_385' title='bbox 1945 3345 2139 3440; x_wconf 89' lang='lat' dir='ltr'><strong>aliquando</strong></span> <span class='ocrx_word' id='word_1_386' title='bbox 2169 3352 2238 3419; x_wconf 92' lang='lat' dir='ltr'><strong>sci-</strong></span> 
     </span>
     <span class='ocr_line' id='line_1_52' title="bbox 206 3433 2238 3544; baseline -0.008 -22"><span class='ocrx_word' id='word_1_387' title='bbox 206 3449 410 3535; x_wconf 84' lang='lat' dir='ltr'><strong>antecellat,</strong></span> <span class='ocrx_word' id='word_1_388' title='bbox 433 3461 551 3518; x_wconf 87' lang='lat' dir='ltr'><strong>tamen</strong></span> <span class='ocrx_word' id='word_1_389' title='bbox 573 3441 703 3516; x_wconf 89' lang='lat' dir='ltr'><strong>habere</strong></span> <span class='ocrx_word' id='word_1_390' title='bbox 727 3445 795 3515; x_wconf 91' lang='lat' dir='ltr'><strong>alia</strong></span> <span class='ocrx_word' id='word_1_391' title='bbox 821 3443 956 3512; x_wconf 92' lang='lat' dir='ltr'><strong>maiora</strong></span> <span class='ocrx_word' id='word_1_392' title='bbox 981 3449 1199 3520; x_wconf 89' lang='lat' dir='ltr'><strong>ornamenta,</strong></span> <span class='ocrx_word' id='word_1_393' title='bbox 1250 3456 1458 3525; x_wconf 60' lang='lat' dir='ltr'><strong>,citaturum</strong></span> <span class='ocrx_word' id='word_1_394' title='bbox 1485 3475 1539 3519; x_wconf 69' lang='lat' dir='ltr'><strong>me</strong></span> <span class='ocrx_word' id='word_1_395' title='bbox 1561 3449 1717 3519; x_wconf 63' lang='lat' dir='ltr'><strong>solebam</strong></span> <span class='ocrx_word' id='word_1_396' title='bbox 1740 3447 1867 3521; x_wconf 61' lang='lat' dir='ltr'><strong>dicere,</strong></span> <span class='ocrx_word' id='word_1_397' title='bbox 1924 3443 2028 3518; x_wconf 73' lang='lat' dir='ltr'><strong>Nunc</strong></span> <span class='ocrx_word' id='word_1_398' title='bbox 2052 3433 2134 3519; x_wconf 48' lang='lat' dir='ltr'><strong>illae</strong></span> <span class='ocrx_word' id='word_1_399' title='bbox 2158 3474 2238 3544; x_wconf 60' lang='lat' dir='ltr'><strong>,pes</strong></span> 
     </span>
     <span class='ocr_line' id='line_1_53' title="bbox 205 3537 2238 3656; baseline -0.005 -19"><span class='ocrx_word' id='word_1_400' title='bbox 205 3551 434 3646; x_wconf 70' lang='lat' dir='ltr'><strong>⁸³Pl²¹¹¹l³m2</strong></span> <span class='ocrx_word' id='word_1_401' title='bbox 459 3549 648 3635; x_wconf 59' lang='lat' dir='ltr'><strong>iustitiam,</strong></span> <span class='ocrx_word' id='word_1_402' title='bbox 671 3548 888 3640; x_wconf 60' lang='lat' dir='ltr'><strong>gralilastffl·</strong></span> <span class='ocrx_word' id='word_1_403' title='bbox 924 3537 1199 3656; x_wconf 44' lang='lat' dir='ltr'><strong>Tillffillllenlss</strong></span> <span class='ocrx_word' id='word_1_404' title='bbox 1245 3555 1423 3626; x_wconf 39' lang='lat' dir='ltr'><strong>&gt;extinctae</strong></span> <span class='ocrx_word' id='word_1_405' title='bbox 1442 3565 1546 3637; x_wconf 88' lang='lat' dir='ltr'><strong>suut,</strong></span> <span class='ocrx_word' id='word_1_406' title='bbox 1572 3565 1606 3621; x_wconf 89' lang='lat' dir='ltr'><strong>et</strong></span> <span class='ocrx_word' id='word_1_407' title='bbox 1627 3575 1683 3619; x_wconf 88' lang='lat' dir='ltr'><strong>res</strong></span> <span class='ocrx_word' id='word_1_408' title='bbox 1696 3550 1865 3619; x_wconf 86' lang='lat' dir='ltr'><strong>litteraria</strong></span> <span class='ocrx_word' id='word_1_409' title='bbox 1880 3572 2009 3638; x_wconf 88' lang='lat' dir='ltr'><strong>magno</strong></span> <span class='ocrx_word' id='word_1_410' title='bbox 2025 3553 2238 3626; x_wconf 88' lang='lat' dir='ltr'><strong>detrimento</strong></span> 
     </span>
     <span class='ocr_line' id='line_1_54' title="bbox 205 3634 2239 3760; baseline -0.008 -17"><span class='ocrx_word' id='word_1_411' title='bbox 205 3655 342 3727; x_wconf 63' lang='lat' dir='ltr'><strong>indl⁰l⁰</strong></span> <span class='ocrx_word' id='word_1_412' title='bbox 357 3655 489 3723; x_wconf 58' lang='lat' dir='ltr'><strong>wife</strong></span> <span class='ocrx_word' id='word_1_413' title='bbox 506 3650 840 3742; x_wconf 66' lang='lat' dir='ltr'><strong>ssl⁰fl⁰⁵¹¹¹¹¹d¹¹⁰lt00</strong></span> <span class='ocrx_word' id='word_1_414' title='bbox 890 3634 1199 3760; x_wconf 47' lang='lat' dir='ltr'><strong>Epammffl‘fam</strong></span> <span class='ocrx_word' id='word_1_415' title='bbox 1250 3659 1374 3730; x_wconf 80' lang='lat' dir='ltr'><strong>allecta</strong></span> <span class='ocrx_word' id='word_1_416' title='bbox 1389 3666 1451 3726; x_wconf 87' lang='lat' dir='ltr'><strong>est.</strong></span> <span class='ocrx_word' id='word_1_417' title='bbox 1501 3651 1572 3724; x_wconf 90' lang='lat' dir='ltr'><strong>Sed</strong></span> <span class='ocrx_word' id='word_1_418' title='bbox 1585 3652 1747 3745; x_wconf 89' lang='lat' dir='ltr'><strong>querelas</strong></span> <span class='ocrx_word' id='word_1_419' title='bbox 1763 3651 1984 3737; x_wconf 90' lang='lat' dir='ltr'><strong>omittamus,</strong></span> <span class='ocrx_word' id='word_1_420' title='bbox 2009 3677 2049 3722; x_wconf 92' lang='lat' dir='ltr'><strong>ac</strong></span> <span class='ocrx_word' id='word_1_421' title='bbox 2065 3655 2109 3722; x_wconf 90' lang='lat' dir='ltr'><strong>de</strong></span> <span class='ocrx_word' id='word_1_422' title='bbox 2124 3656 2239 3746; x_wconf 68' lang='lat' dir='ltr'><strong>preci,-</strong></span> 
     </span>
     <span class='ocr_line' id='line_1_55' title="bbox 205 3748 2239 3851; baseline -0.011 -19"><span class='ocrx_word' id='word_1_423' title='bbox 205 3758 310 3850; x_wconf 87' lang='lat' dir='ltr'><strong>ajunt</strong></span> <span class='ocrx_word' id='word_1_424' title='bbox 325 3770 426 3850; x_wconf 89' lang='lat' dir='ltr'><strong>parta</strong></span> <span class='ocrx_word' id='word_1_425' title='bbox 444 3755 591 3824; x_wconf 91' lang='lat' dir='ltr'><strong>victoria</strong></span> <span class='ocrx_word' id='word_1_426' title='bbox 606 3752 790 3824; x_wconf 85' lang='lat' dir='ltr'><strong>Leuctrica</strong></span> <span class='ocrx_word' id='word_1_427' title='bbox 808 3748 955 3831; x_wconf 84' lang='lat' dir='ltr'><strong>dixisse,</strong></span> <span class='ocrx_word' id='word_1_428' title='bbox 980 3772 1016 3817; x_wconf 90' lang='lat' dir='ltr'><strong>se</strong></span> <span class='ocrx_word' id='word_1_429' title='bbox 1037 3765 1199 3833; x_wconf 88' lang='lat' dir='ltr'><strong>ornmum</strong></span> <span class='ocrx_word' id='word_1_430' title='bbox 1250 3756 1477 3851; x_wconf 62' lang='lat' dir='ltr'><strong>b03p015u3‚</strong></span> <span class='ocrx_word' id='word_1_431' title='bbox 1511 3769 1546 3825; x_wconf 65' lang='lat' dir='ltr'><strong>et</strong></span> <span class='ocrx_word' id='word_1_432' title='bbox 1573 3755 1704 3824; x_wconf 59' lang='lat' dir='ltr'><strong>nostris</strong></span> <span class='ocrx_word' id='word_1_433' title='bbox 1727 3753 1928 3840; x_wconf 61' lang='lat' dir='ltr'><strong>laboribus,</strong></span> <span class='ocrx_word' id='word_1_434' title='bbox 1959 3757 1990 3824; x_wconf 54' lang='grc' dir='ltr'><strong>εί</strong></span> <span class='ocrx_word' id='word_1_435' title='bbox 2012 3756 2096 3848; x_wconf 71' lang='lat' dir='ltr'>quid</span> <span class='ocrx_word' id='word_1_436' title='bbox 2121 3753 2239 3830; x_wconf 61' lang='lat' dir='ltr'>adhuc</span> 
     </span>
     <span class='ocr_line' id='line_1_56' title="bbox 207 3848 1803 3948; baseline -0.011 -18"><span class='ocrx_word' id='word_1_437' title='bbox 207 3862 373 3930; x_wconf 90' lang='lat' dir='ltr'><strong>laborum</strong></span> <span class='ocrx_word' id='word_1_438' title='bbox 395 3853 490 3928; x_wconf 90' lang='lat' dir='ltr'><strong>hunc</strong></span> <span class='ocrx_word' id='word_1_439' title='bbox 505 3856 830 3925; x_wconf 82' lang='lat' dir='ltr'><strong>maxime‘sructom</strong></span> <span class='ocrx_word' id='word_1_440' title='bbox 846 3873 988 3942; x_wconf 85' lang='lat' dir='ltr'><strong>capere,</strong></span> <span class='ocrx_word' id='word_1_441' title='bbox 1016 3848 1112 3941; x_wconf 90' lang='lat' dir='ltr'><strong>quod</strong></span> <span class='ocrx_word' id='word_1_442' title='bbox 1130 3868 1199 3935; x_wconf 88' lang='lat' dir='ltr'><strong>pa·</strong></span> <span class='ocrx_word' id='word_1_443' title='bbox 1246 3863 1338 3934; x_wconf 50' lang='lat' dir='ltr'>‘boni</span> <span class='ocrx_word' id='word_1_444' title='bbox 1355 3859 1433 3930; x_wconf 67' lang='lat' dir='ltr'>fieri</span> <span class='ocrx_word' id='word_1_445' title='bbox 1447 3870 1578 3948; x_wconf 67' lang='lat' dir='ltr'><strong>potest,</strong></span> <span class='ocrx_word' id='word_1_446' title='bbox 1602 3856 1803 3946; x_wconf 63' lang='lat' dir='ltr'><strong>cogitemus,</strong></span> 
     </span>
     <span class='ocr_line' id='line_1_57' title="bbox 206 3945 2239 4051; baseline -0.008 -20"><span class='ocrx_word' id='word_1_447' title='bbox 206 3975 327 4033; x_wconf 88' lang='lat' dir='ltr'><strong>rentes</strong></span> <span class='ocrx_word' id='word_1_448' title='bbox 344 3956 488 4029; x_wconf 87' lang='lat' dir='ltr'><strong>haberet</strong></span> <span class='ocrx_word' id='word_1_449' title='bbox 505 3970 715 4049; x_wconf 87' lang='lat' dir='ltr'><strong>spectatores</strong></span> <span class='ocrx_word' id='word_1_450' title='bbox 730 3979 813 4040; x_wconf 81' lang='lat' dir='ltr'><strong>suae</strong></span> <span class='ocrx_word' id='word_1_451' title='bbox 828 3953 973 4042; x_wconf 88' lang='lat' dir='ltr'><strong>gloriae.</strong></span> <span class='ocrx_word' id='word_1_452' title='bbox 1018 3947 1115 4019; x_wconf 83' lang='lat' dir='ltr'><strong>llaec</strong></span> <span class='ocrx_word' id='word_1_453' title='bbox 1130 3969 1198 4016; x_wconf 82' lang='lat' dir='ltr'><strong>vox</strong></span> <span class='ocrx_word' id='word_1_454' title='bbox 1351 3961 1406 4031; x_wconf 71' lang='lat' dir='ltr'><strong>De</strong></span> <span class='ocrx_word' id='word_1_455' title='bbox 1440 3953 1738 4051; x_wconf 68' lang='lat' dir='ltr'><strong>Paumgartmro</strong></span> <span class='ocrx_word' id='word_1_456' title='bbox 1786 3959 1830 4027; x_wconf 70' lang='lat' dir='ltr'><strong>ad</strong></span> <span class='ocrx_word' id='word_1_457' title='bbox 1870 3952 2111 4028; x_wconf 61' lang='lat' dir='ltr'><strong>Macedonem</strong></span> <span class='ocrx_word' id='word_1_458' title='bbox 2150 3945 2239 4032; x_wconf 61' lang='lat' dir='ltr'><strong>sert.</strong></span> 
     </span>
     <span class='ocr_line' id='line_1_58' title="bbox 208 4053 2239 4156; baseline -0.007 -20"><span class='ocrx_word' id='word_1_459' title='bbox 208 4086 253 4136; x_wconf 60' lang='grc' dir='ltr'><strong>εἰ</strong></span> <span class='ocrx_word' id='word_1_460' title='bbox 280 4063 536 4132; x_wconf 85' lang='lat' dir='ltr'><strong>intimo-sensu</strong></span> <span class='ocrx_word' id='word_1_461' title='bbox 562 4073 709 4128; x_wconf 90' lang='lat' dir='ltr'><strong>naturae</strong></span> <span class='ocrx_word' id='word_1_462' title='bbox 732 4056 884 4148; x_wconf 88' lang='lat' dir='ltr'><strong>optimae</strong></span> <span class='ocrx_word' id='word_1_463' title='bbox 907 4053 1044 4147; x_wconf 85' lang='lat' dir='ltr'><strong>prolata</strong></span> <span class='ocrx_word' id='word_1_464' title='bbox 1067 4059 1200 4131; x_wconf 88' lang='lat' dir='ltr'><strong>monet,</strong></span> <span class='ocrx_word' id='word_1_465' title='bbox 1249 4066 1317 4151; x_wconf 60' lang='lat' dir='ltr'><strong>bo,</strong></span> <span class='ocrx_word' id='word_1_466' title='bbox 1347 4064 1484 4156; x_wconf 67' lang='lat' dir='ltr'><strong>tibique</strong></span> <span class='ocrx_word' id='word_1_467' title='bbox 1515 4062 1698 4153; x_wconf 63' lang='lat' dir='ltr'><strong>epistolam</strong></span> <span class='ocrx_word' id='word_1_468' title='bbox 1719 4059 1948 4142; x_wconf 49' lang='lat' dir='ltr'><strong>mittamur</strong></span> <span class='ocrx_word' id='word_1_469' title='bbox 1970 4062 2065 4132; x_wconf 74' lang='lat' dir='ltr'><strong>inter</strong></span> <span class='ocrx_word' id='word_1_470' title='bbox 2085 4064 2239 4134; x_wconf 70' lang='lat' dir='ltr'><strong>subscri.</strong></span> 
     </span>
     <span class='ocr_line' id='line_1_59' title="bbox 209 4152 1907 4262; baseline -0.011 -27"><span class='ocrx_word' id='word_1_471' title='bbox 209 4189 364 4261; x_wconf 87' lang='lat' dir='ltr'><strong>quorum</strong></span> <span class='ocrx_word' id='word_1_472' title='bbox 380 4163 635 4256; x_wconf 87' lang='lat' dir='ltr'><strong>approbatione</strong></span> <span class='ocrx_word' id='word_1_473' title='bbox 656 4161 842 4251; x_wconf 88' lang='lat' dir='ltr'><strong>praecipue</strong></span> <span class='ocrx_word' id='word_1_474' title='bbox 863 4155 1029 4227; x_wconf 88' lang='lat' dir='ltr'><strong>delectari</strong></span> <span class='ocrx_word' id='word_1_475' title='bbox 1052 4175 1118 4221; x_wconf 89' lang='lat' dir='ltr'><strong>nos</strong></span> <span class='ocrx_word' id='word_1_476' title='bbox 1137 4152 1199 4219; x_wconf 88' lang='lat' dir='ltr'><strong>de·</strong></span> <span class='ocrx_word' id='word_1_477' title='bbox 1250 4183 1388 4262; x_wconf 54' lang='lat' dir='ltr'><strong>ptores,</strong></span> <span class='ocrx_word' id='word_1_478' title='bbox 1410 4179 1443 4234; x_wconf 65' lang='lat' dir='ltr'><strong>eg</strong></span> <span class='ocrx_word' id='word_1_479' title='bbox 1458 4178 1559 4235; x_wconf 71' lang='lat' dir='ltr'><strong>mum</strong></span> <span class='ocrx_word' id='word_1_480' title='bbox 1575 4187 1707 4231; x_wconf 56' lang='lat' dir='ltr'><strong>mmo„</strong></span> <span class='ocrx_word' id='word_1_481' title='bbox 1726 4161 1907 4235; x_wconf 51' lang='lat' dir='ltr'><strong>asscribere,</strong></span> 
     </span>
     <span class='ocr_line' id='line_1_60' title="bbox 208 4246 2238 4370; baseline -0.003 -27"><span class='ocrx_word' id='word_1_482' title='bbox 208 4280 298 4339; x_wconf 74' lang='lat' dir='ltr'><strong>cest·</strong></span> <span class='ocrx_word' id='word_1_483' title='bbox 347 4263 676 4343; x_wconf 68' lang='lat' dir='ltr'><strong>Ntcverodublw.</strong></span> <span class='ocrx_word' id='word_1_484' title='bbox 709 4263 797 4355; x_wconf 63' lang='lat' dir='ltr'>‘1¹¹5ss</span> <span class='ocrx_word' id='word_1_485' title='bbox 820 4246 1199 4370; x_wconf 31' lang='lat' dir='ltr'><strong>h³¹¹⁶V⁰⁰⁰m²lblg¹⁵l</strong></span> <span class='ocrx_word' id='word_1_486' title='bbox 1352 4268 1450 4339; x_wconf 90' lang='lat' dir='ltr'><strong>Scire</strong></span> <span class='ocrx_word' id='word_1_487' title='bbox 1463 4267 1567 4356; x_wconf 89' lang='lat' dir='ltr'><strong>cupio</strong></span> <span class='ocrx_word' id='word_1_488' title='bbox 1586 4289 1631 4333; x_wconf 92' lang='lat' dir='ltr'><strong>an</strong></span> <span class='ocrx_word' id='word_1_489' title='bbox 1647 4265 1780 4334; x_wconf 87' lang='lat' dir='ltr'><strong>litteras</strong></span> <span class='ocrx_word' id='word_1_490' title='bbox 1798 4286 1893 4332; x_wconf 88' lang='lat' dir='ltr'><strong>meas</strong></span> <span class='ocrx_word' id='word_1_491' title='bbox 1908 4265 2090 4354; x_wconf 89' lang='lat' dir='ltr'><strong>acceperis.</strong></span> <span class='ocrx_word' id='word_1_492' title='bbox 2117 4263 2238 4337; x_wconf 86' lang='lat' dir='ltr'><strong>Revo-</strong></span> 
     </span>
     <span class='ocr_line' id='line_1_61' title="bbox 208 4358 2239 4472; baseline -0.011 -11"><span class='ocrx_word' id='word_1_493' title='bbox 208 4393 354 4464; x_wconf 60' lang='grc' dir='ltr'><strong>(100111θ</strong></span> <span class='ocrx_word' id='word_1_494' title='bbox 385 4382 519 4457; x_wconf 59' lang='lat' dir='ltr'>gratam</span> <span class='ocrx_word' id='word_1_495' title='bbox 545 4389 617 4434; x_wconf 68' lang='lat'><strong>⁰⁵⁵⁸</strong></span> <span class='ocrx_word' id='word_1_496' title='bbox 644 4366 761 4434; x_wconf 59' lang='lat' dir='ltr'><strong>dum·</strong></span> <span class='ocrx_word' id='word_1_497' title='bbox 816 4358 913 4430; x_wconf 60' lang='lat' dir='ltr'>Haec</span> <span class='ocrx_word' id='word_1_498' title='bbox 942 4361 986 4427; x_wconf 63' lang='lat' dir='ltr'><strong>ad</strong></span> <span class='ocrx_word' id='word_1_499' title='bbox 1019 4371 1054 4425; x_wconf 71' lang='grc' dir='ltr'><strong>Ῑθ</strong></span> <span class='ocrx_word' id='word_1_500' title='bbox 1076 4376 1202 4472; x_wconf 46' lang='lat' dir='ltr'><strong>sellis}</strong></span> <span class='ocrx_word' id='word_1_501' title='bbox 1254 4372 1329 4442; x_wconf 90' lang='lat' dir='ltr'><strong>cavi</strong></span> <span class='ocrx_word' id='word_1_502' title='bbox 1346 4371 1440 4438; x_wconf 90' lang='lat' dir='ltr'><strong>euim</strong></span> <span class='ocrx_word' id='word_1_503' title='bbox 1466 4363 1646 4435; x_wconf 89' lang='lat' dir='ltr'><strong>homiuem</strong></span> <span class='ocrx_word' id='word_1_504' title='bbox 1667 4368 1711 4432; x_wconf 88' lang='lat' dir='ltr'><strong>ad</strong></span> <span class='ocrx_word' id='word_1_505' title='bbox 1730 4378 1806 4437; x_wconf 89' lang='lat' dir='ltr'><strong>nos.</strong></span> <span class='ocrx_word' id='word_1_506' title='bbox 1860 4364 1929 4435; x_wconf 84' lang='lat' dir='ltr'><strong>Sed</strong></span> <span class='ocrx_word' id='word_1_507' title='bbox 1952 4378 1986 4434; x_wconf 90' lang='lat' dir='ltr'><strong>te</strong></span> <span class='ocrx_word' id='word_1_508' title='bbox 2012 4362 2103 4436; x_wconf 93' lang='lat' dir='ltr'><strong>nihil</strong></span> <span class='ocrx_word' id='word_1_509' title='bbox 2127 4369 2239 4458; x_wconf 91' lang='lat' dir='ltr'><strong>sigui-</strong></span> 
     </span>
     <span class='ocr_line' id='line_1_62' title="bbox 207 4457 2239 4562; baseline -0.01 -1"><span class='ocrx_word' id='word_1_510' title='bbox 207 4472 342 4543; x_wconf 69' lang='lat' dir='ltr'><strong>flm⁰¹l⁸</strong></span> <span class='ocrx_word' id='word_1_511' title='bbox 362 4494 439 4561; x_wconf 63' lang='lat'><strong>“8³</strong></span> <span class='ocrx_word' id='word_1_512' title='bbox 457 4486 490 4543; x_wconf 67' lang='lat'><strong>¹⁰</strong></span> <span class='ocrx_word' id='word_1_513' title='bbox 507 4469 576 4537; x_wconf 63' lang='lat'><strong>¹⁰⁰5</strong></span> <span class='ocrx_word' id='word_1_514' title='bbox 595 4464 797 4536; x_wconf 61' lang='lat' dir='ltr'><strong>declarandi</strong></span> <span class='ocrx_word' id='word_1_515' title='bbox 819 4487 938 4546; x_wconf 61' lang='lat' dir='ltr'><strong>causis</strong></span> <span class='ocrx_word' id='word_1_516' title='bbox 972 4483 1060 4552; x_wconf 90' lang='lat' dir='ltr'><strong>quae</strong></span> <span class='ocrx_word' id='word_1_517' title='bbox 1084 4481 1114 4526; x_wconf 81' lang='lat'><strong>⁸¹</strong></span> <span class='ocrx_word' id='word_1_518' title='bbox 1135 4457 1202 4526; x_wconf 71' lang='lat' dir='ltr'><strong>l¹b¹</strong></span> <span class='ocrx_word' id='word_1_519' title='bbox 1226 4464 1229 4485; x_wconf 67' lang='lat'><strong>¹</strong></span> <span class='ocrx_word' id='word_1_520' title='bbox 1253 4476 1357 4543; x_wconf 87' lang='lat' dir='ltr'><strong>licare</strong></span> <span class='ocrx_word' id='word_1_521' title='bbox 1378 4473 1421 4540; x_wconf 89' lang='lat' dir='ltr'><strong>de</strong></span> <span class='ocrx_word' id='word_1_522' title='bbox 1448 4470 1489 4538; x_wconf 93' lang='lat' dir='ltr'><strong>iis</strong></span> <span class='ocrx_word' id='word_1_523' title='bbox 1513 4469 1637 4538; x_wconf 84' lang='lat' dir='ltr'><strong>litteris</strong></span> <span class='ocrx_word' id='word_1_524' title='bbox 1660 4468 1782 4543; x_wconf 87' lang='lat' dir='ltr'><strong>miror.</strong></span> <span class='ocrx_word' id='word_1_525' title='bbox 1840 4466 1980 4537; x_wconf 88' lang='lat' dir='ltr'><strong>Scrihes</strong></span> <span class='ocrx_word' id='word_1_526' title='bbox 2001 4467 2109 4555; x_wconf 88' lang='lat' dir='ltr'><strong>igitur</strong></span> <span class='ocrx_word' id='word_1_527' title='bbox 2131 4462 2239 4562; x_wconf 76' lang='lat' dir='ltr'><strong>ipram</strong></span> 
     </span>
     <span class='ocr_line' id='line_1_63' title="bbox 1254 4566 2237 4671; baseline -0.002 -27"><span class='ocrx_word' id='word_1_528' title='bbox 1254 4575 1428 4671; x_wconf 93' lang='lat' dir='ltr'><strong>primum,</strong></span> <span class='ocrx_word' id='word_1_529' title='bbox 1460 4585 1498 4641; x_wconf 93' lang='lat' dir='ltr'><strong>ut</strong></span> <span class='ocrx_word' id='word_1_530' title='bbox 1522 4571 1552 4638; x_wconf 91' lang='lat' dir='ltr'><strong>si</strong></span> <span class='ocrx_word' id='word_1_531' title='bbox 1574 4595 1648 4640; x_wconf 91' lang='lat' dir='ltr'><strong>uon</strong></span> <span class='ocrx_word' id='word_1_532' title='bbox 1672 4583 1755 4638; x_wconf 88' lang='lat' dir='ltr'><strong>snut</strong></span> <span class='ocrx_word' id='word_1_533' title='bbox 1776 4566 1932 4638; x_wconf 91' lang='lat' dir='ltr'><strong>redditae</strong></span> <span class='ocrx_word' id='word_1_534' title='bbox 1955 4592 2041 4661; x_wconf 85' lang='lat' dir='ltr'><strong>quas</strong></span> <span class='ocrx_word' id='word_1_535' title='bbox 2063 4572 2237 4659; x_wconf 87' lang='lat' dir='ltr'><strong>miseram,</strong></span> 
     </span>
     <span class='ocr_line' id='line_1_64' title="bbox 1254 4669 2242 4748; baseline -0.002 -1"><span class='ocrx_word' id='word_1_536' title='bbox 1254 4677 1405 4748; x_wconf 89' lang='lat' dir='ltr'><strong>scribam</strong></span> <span class='ocrx_word' id='word_1_537' title='bbox 1423 4696 1573 4746; x_wconf 57' lang='lat' dir='ltr'><strong>rursus.</strong></span> <span class='ocrx_word' id='word_1_538' title='bbox 1621 4670 1741 4740; x_wconf 91' lang='lat' dir='ltr'><strong>Nolim</strong></span> <span class='ocrx_word' id='word_1_539' title='bbox 1771 4669 1867 4737; x_wconf 89' lang='lat' dir='ltr'><strong>enim</strong></span> <span class='ocrx_word' id='word_1_540' title='bbox 1892 4671 1949 4738; x_wconf 94' lang='lat' dir='ltr'><strong>vel</strong></span> <span class='ocrx_word' id='word_1_541' title='bbox 1973 4673 2242 4745; x_wconf 89' lang='lat' dir='ltr'><strong>obscurissimos</strong></span> 
     </span>
     <span class='ocr_line' id='line_1_65' title="bbox 1254 4770 1891 4864; baseline -0.022 -12"><span class='ocrx_word' id='word_1_542' title='bbox 1254 4783 1299 4852; x_wconf 89' lang='lat' dir='ltr'><strong>de</strong></span> <span class='ocrx_word' id='word_1_543' title='bbox 1319 4778 1382 4847; x_wconf 90' lang='lat' dir='ltr'><strong>illo</strong></span> <span class='ocrx_word' id='word_1_544' title='bbox 1399 4776 1543 4864; x_wconf 80' lang='lat' dir='ltr'><strong>negocio</strong></span> <span class='ocrx_word' id='word_1_545' title='bbox 1559 4795 1721 4843; x_wconf 90' lang='lat' dir='ltr'><strong>susurros</strong></span> <span class='ocrx_word' id='word_1_546' title='bbox 1736 4770 1891 4845; x_wconf 80' lang='lat' dir='ltr'><strong>excitari.</strong></span> 
     </span>
    </p>

    <p class='ocr_par' dir='ltr' id='par_1_18' title="bbox 1075 4872 2361 5584">
     <span class='ocr_line' id='line_1_66' title="bbox 1355 4872 2243 4972; baseline 0.001 -24"><span class='ocrx_word' id='word_1_547' title='bbox 1355 4877 1418 4948; x_wconf 86' lang='lat' dir='ltr'><strong>Me</strong></span> <span class='ocrx_word' id='word_1_548' title='bbox 1435 4901 1529 4944; x_wconf 90' lang='lat' dir='ltr'><strong>nunc</strong></span> <span class='ocrx_word' id='word_1_549' title='bbox 1543 4887 1678 4959; x_wconf 84' lang='lat' dir='ltr'><strong>exercet</strong></span> <span class='ocrx_word' id='word_1_550' title='bbox 1691 4874 1858 4964; x_wconf 90' lang='lat' dir='ltr'><strong>scriptum</strong></span> <span class='ocrx_word' id='word_1_551' title='bbox 1875 4872 2101 4966; x_wconf 90' lang='lat' dir='ltr'><strong>Synodicon,</strong></span> <span class='ocrx_word' id='word_1_552' title='bbox 2118 4877 2156 4946; x_wconf 90' lang='lat' dir='ltr'><strong>in</strong></span> <span class='ocrx_word' id='word_1_553' title='bbox 2172 4904 2243 4972; x_wconf 85' lang='lat' dir='ltr'><strong>quo</strong></span> 
     </span>
     <span class='ocr_line' id='line_1_67' title="bbox 1255 4975 2244 5074; baseline -0.002 -22"><span class='ocrx_word' id='word_1_554' title='bbox 1255 4987 1299 5054; x_wconf 86' lang='lat' dir='ltr'><strong>(le</strong></span> <span class='ocrx_word' id='word_1_555' title='bbox 1321 4979 1520 5074; x_wconf 85' lang='lat' dir='ltr'><strong>principum</strong></span> <span class='ocrx_word' id='word_1_556' title='bbox 1546 4976 1791 5045; x_wconf 85' lang='lat' dir='ltr'><strong>voluntatibus</strong></span> <span class='ocrx_word' id='word_1_557' title='bbox 1813 4975 2001 5060; x_wconf 81' lang='lat' dir='ltr'><strong>cogitanti,</strong></span> <span class='ocrx_word' id='word_1_558' title='bbox 2027 5000 2129 5068; x_wconf 88' lang='lat' dir='ltr'><strong>saepe</strong></span> <span class='ocrx_word' id='word_1_559' title='bbox 2146 4984 2244 5052; x_wconf 77' lang='lat' dir='ltr'><strong>veuit</strong></span> 
     </span>
     <span class='ocr_line' id='line_1_68' title="bbox 1075 5070 2333 5172; baseline 0.009 -30"><span class='ocrx_word' id='word_1_560' title='bbox 1075 5133 1080 5142; x_wconf 80' lang='grc'><em>.</em></span> <span class='ocrx_word' id='word_1_561' title='bbox 1151 5160 1165 5168; x_wconf 42' lang='lat'><strong>·</strong></span> <span class='ocrx_word' id='word_1_562' title='bbox 1256 5087 1295 5154; x_wconf 84' lang='lat' dir='ltr'><strong>in</strong></span> <span class='ocrx_word' id='word_1_563' title='bbox 1345 5095 1496 5150; x_wconf 87' lang='lat' dir='ltr'><strong>mentem</strong></span> <span class='ocrx_word' id='word_1_564' title='bbox 1536 5078 1692 5146; x_wconf 90' lang='lat' dir='ltr'><strong>laudatio</strong></span> <span class='ocrx_word' id='word_1_565' title='bbox 1734 5075 1786 5149; x_wconf 89' lang='grc' dir='ltr'><strong>Μ.</strong></span> <span class='ocrx_word' id='word_1_566' title='bbox 1824 5070 2016 5156; x_wconf 75' lang='lat' dir='ltr'><strong>Antonini,</strong></span> <span class='ocrx_word' id='word_1_567' title='bbox 2075 5106 2165 5172; x_wconf 88' lang='lat' dir='ltr'><strong>quae</strong></span> <span class='ocrx_word' id='word_1_568' title='bbox 2202 5107 2242 5152; x_wconf 84' lang='lat' dir='ltr'><strong>ex</strong></span> <span class='ocrx_word' id='word_1_569' title='bbox 2330 5104 2333 5113; x_wconf 83' lang='grc'><em>’</em></span> 
     </span>
     <span class='ocr_line' id='line_1_69' title="bbox 1255 5169 2244 5276; baseline -0.001 -20"><span class='ocrx_word' id='word_1_570' title='bbox 1255 5186 1372 5256; x_wconf 90' lang='lat' dir='ltr'><strong>Dione</strong></span> <span class='ocrx_word' id='word_1_571' title='bbox 1389 5183 1574 5264; x_wconf 85' lang='lat' dir='ltr'><strong>recitatur;</strong></span> <span class='ocrx_word' id='word_1_572' title='bbox 1602 5175 1728 5268; x_wconf 80' lang='grc' dir='ltr'><strong><em>ὅμοιος</em></strong></span> <span class='ocrx_word' id='word_1_573' title='bbox 1740 5169 1803 5248; x_wconf 74' lang='lat' dir='ltr'><strong>did</strong></span> <span class='ocrx_word' id='word_1_574' title='bbox 1818 5169 1971 5248; x_wconf 69' lang='grc' dir='ltr'><em>πάντων</em></span> <span class='ocrx_word' id='word_1_575' title='bbox 1992 5177 2152 5276; x_wconf 76' lang='grc' dir='ltr'><strong>ἐγένετο,</strong></span> <span class='ocrx_word' id='word_1_576' title='bbox 2179 5180 2244 5257; x_wconf 81' lang='grc' dir='ltr'><strong>καὶ</strong></span> 
     </span>
     <span class='ocr_line' id='line_1_70' title="bbox 1257 5271 2361 5377; baseline -0.005 -17"><span class='ocrx_word' id='word_1_577' title='bbox 1257 5289 1297 5360; x_wconf 76' lang='grc' dir='ltr'><strong>ἐν</strong></span> <span class='ocrx_word' id='word_1_578' title='bbox 1327 5279 1451 5356; x_wconf 73' lang='grc' dir='ltr'><em>οὐδενὶ</em></span> <span class='ocrx_word' id='word_1_579' title='bbox 1475 5273 1681 5374; x_wconf 74' lang='grc' dir='ltr'><em>ἠλλοιώθη,</em></span> <span class='ocrx_word' id='word_1_580' title='bbox 1723 5273 1872 5377; x_wconf 72' lang='grc' dir='ltr'><em>ἀγαθὸς</em></span> <span class='ocrx_word' id='word_1_581' title='bbox 1896 5272 1936 5349; x_wconf 75' lang='lat' dir='ltr'><strong>di</strong></span> <span class='ocrx_word' id='word_1_582' title='bbox 1963 5271 2011 5372; x_wconf 80' lang='grc' dir='ltr'><strong>ἦν</strong></span> <span class='ocrx_word' id='word_1_583' title='bbox 2041 5278 2105 5353; x_wconf 84' lang='grc' dir='ltr'><strong>καὶ</strong></span> <span class='ocrx_word' id='word_1_584' title='bbox 2133 5280 2244 5356; x_wconf 75' lang='grc' dir='ltr'><em>οὐδὲν</em></span> <span class='ocrx_word' id='word_1_585' title='bbox 2357 5320 2361 5329; x_wconf 92' lang='grc'><strong><em>·</em></strong></span> 
     </span>
     <span class='ocr_line' id='line_1_71' title="bbox 1256 5374 2245 5481; baseline 0 -23"><span class='ocrx_word' id='word_1_586' title='bbox 1256 5381 1507 5481; x_wconf 74' lang='grc' dir='ltr'><strong><em>προσποίητον</em></strong></span> <span class='ocrx_word' id='word_1_587' title='bbox 1529 5377 1643 5475; x_wconf 67' lang='grc' dir='ltr'><strong><em>εἶχεν,</em></strong></span> <span class='ocrx_word' id='word_1_588' title='bbox 1669 5376 1785 5452; x_wconf 79' lang='grc' dir='ltr'><em>πολλὰ</em></span> <span class='ocrx_word' id='word_1_589' title='bbox 1800 5374 1841 5450; x_wconf 68' lang='grc' dir='ltr'><strong>δὲ</strong></span> <span class='ocrx_word' id='word_1_590' title='bbox 1863 5374 1937 5453; x_wconf 79' lang='grc' dir='ltr'><strong>ὑπὸ</strong></span> <span class='ocrx_word' id='word_1_591' title='bbox 1958 5378 2126 5465; x_wconf 79' lang='grc' dir='ltr'><strong><em>παιδείας</em></strong></span> <span class='ocrx_word' id='word_1_592' title='bbox 2147 5385 2245 5480; x_wconf 77' lang='grc' dir='ltr'><em>ὠφε-</em></span> 
     </span>
     <span class='ocr_line' id='line_1_72' title="bbox 1258 5477 2245 5584; baseline 0.004 -32"><span class='ocrx_word' id='word_1_593' title='bbox 1258 5486 1366 5584; x_wconf 69' lang='grc' dir='ltr'><strong><em>λήθη.</em></strong></span> <span class='ocrx_word' id='word_1_594' title='bbox 1419 5486 1515 5572; x_wconf 73' lang='lat' dir='ltr'><strong>Quid</strong></span> <span class='ocrx_word' id='word_1_595' title='bbox 1537 5509 1632 5556; x_wconf 91' lang='lat' dir='ltr'><strong>nunc</strong></span> <span class='ocrx_word' id='word_1_596' title='bbox 1646 5477 1904 5553; x_wconf 86' lang='lat' dir='ltr'><strong>similehabeut</strong></span> <span class='ocrx_word' id='word_1_597' title='bbox 1922 5488 2103 5555; x_wconf 78' lang='lat' dir='ltr'><strong>eanostris</strong></span> <span class='ocrx_word' id='word_1_598' title='bbox 2116 5485 2245 5558; x_wconf 84' lang='lat' dir='ltr'><strong>Heroi-</strong></span> 
     </span>
    </p>
   </div>
   <div class='ocr_carea' id='block_1_18' title="bbox 1401 5587 1489 5688">
    <p class='ocr_par' dir='ltr' id='par_1_19' title="bbox 1401 5587 1489 5688">
     <span class='ocr_line' id='line_1_73' title="bbox 1401 5587 1489 5688; baseline -0.023 -30"><span class='ocrx_word' id='word_1_599' title='bbox 1401 5587 1489 5688; x_wconf 63' lang='lat' dir='ltr'><strong>¹aa</strong></span> 
     </span>
    </p>
   </div>
   <div class='ocr_carea' id='block_1_19' title="bbox 205 4724 424 4739">
    <p class='ocr_par' dir='ltr' id='par_1_20' title="bbox 205 4724 424 4739">
     <span class='ocr_line' id='line_1_74' title="bbox 205 4724 424 4739; baseline -0.018 -2"><span class='ocrx_word' id='word_1_600' title='bbox 205 4724 424 4739; x_wconf 57' lang='grc' dir='ltr'><strong>...ια-..κω-</strong></span> 
     </span>
    </p>
   </div>
   <div class='ocr_carea' id='block_1_20' title="bbox 244 4861 951 4944">
    <p class='ocr_par' dir='ltr' id='par_1_21' title="bbox 244 4861 951 4944">
     <span class='ocr_line' id='line_1_75' title="bbox 244 4861 951 4944; baseline -0.024 -13"><span class='ocrx_word' id='word_1_601' title='bbox 244 4878 278 4944; x_wconf 84' lang='grc'><strong>8)</strong></span> <span class='ocrx_word' id='word_1_602' title='bbox 296 4877 348 4928; x_wconf 78' lang='lat' dir='ltr'><strong>hoe</strong></span> <span class='ocrx_word' id='word_1_603' title='bbox 363 4877 451 4926; x_wconf 77' lang='lat' dir='ltr'><strong>decue</strong></span> <span class='ocrx_word' id='word_1_604' title='bbox 468 4881 519 4925; x_wconf 86' lang='lat' dir='ltr'><strong>etc.</strong></span> <span class='ocrx_word' id='word_1_605' title='bbox 538 4888 595 4924; x_wconf 90' lang='lat' dir='ltr'><strong>non</strong></span> <span class='ocrx_word' id='word_1_606' title='bbox 610 4868 736 4939; x_wconf 87' lang='lat' dir='ltr'><strong>leguntur</strong></span> <span class='ocrx_word' id='word_1_607' title='bbox 748 4867 776 4920; x_wconf 91' lang='lat' dir='ltr'><strong>in</strong></span> <span class='ocrx_word' id='word_1_608' title='bbox 789 4865 854 4920; x_wconf 90' lang='lat' dir='ltr'><strong>eod.</strong></span> <span class='ocrx_word' id='word_1_609' title='bbox 866 4861 951 4918; x_wconf 87' lang='lat' dir='ltr'><strong>Goth.</strong></span> 
     </span>
    </p>
   </div>
   <div class='ocr_carea' id='block_1_21' title="bbox 244 4937 1243 5095">
    <p class='ocr_par' dir='ltr' id='par_1_22' title="bbox 244 4937 1243 5095">
     <span class='ocr_line' id='line_1_76' title="bbox 244 4937 1243 5026; baseline -0.021 -13"><span class='ocrx_word' id='word_1_610' title='bbox 244 4960 277 5023; x_wconf 87' lang='lat'><strong>9)</strong></span> <span class='ocrx_word' id='word_1_611' title='bbox 297 4957 366 5011; x_wconf 80' lang='lat' dir='ltr'><strong>cod.</strong></span> <span class='ocrx_word' id='word_1_612' title='bbox 385 4955 505 5026; x_wconf 90' lang='lat' dir='ltr'><strong>Guelph.</strong></span> <span class='ocrx_word' id='word_1_613' title='bbox 522 4965 550 5007; x_wconf 86' lang='lat' dir='ltr'><strong>et</strong></span> <span class='ocrx_word' id='word_1_614' title='bbox 568 4956 695 5023; x_wconf 67' lang='lat' dir='ltr'><strong>quidem,</strong></span> <span class='ocrx_word' id='word_1_615' title='bbox 712 4951 775 5005; x_wconf 91' lang='lat' dir='ltr'><strong>cod.</strong></span> <span class='ocrx_word' id='word_1_616' title='bbox 789 4950 904 5004; x_wconf 72' lang='lat' dir='ltr'><strong>Monac.</strong></span> <span class='ocrx_word' id='word_1_617' title='bbox 922 4955 953 4999; x_wconf 84' lang='lat' dir='ltr'><strong>ut</strong></span> <span class='ocrx_word' id='word_1_618' title='bbox 966 4944 1124 5013; x_wconf 69' lang='lat' dir='ltr'><strong>quaedam,</strong></span> <span class='ocrx_word' id='word_1_619' title='bbox 1141 4937 1203 4996; x_wconf 91' lang='lat' dir='ltr'><strong>cod.</strong></span> <span class='ocrx_word' id='word_1_620' title='bbox 1239 4949 1243 4953; x_wconf 87' lang='grc'><strong>’</strong></span> 
     </span>
     <span class='ocr_line' id='line_1_77' title="bbox 281 5027 849 5095; baseline -0.021 -14"><span class='ocrx_word' id='word_1_621' title='bbox 281 5027 366 5081; x_wconf 87' lang='lat' dir='ltr'><strong>Goth.</strong></span> <span class='ocrx_word' id='word_1_622' title='bbox 382 5030 458 5095; x_wconf 84' lang='lat' dir='ltr'><strong>quod</strong></span> <span class='ocrx_word' id='word_1_623' title='bbox 476 5029 626 5094; x_wconf 82' lang='lat' dir='ltr'><strong>quaedam.</strong></span> <span class='ocrx_word' id='word_1_624' title='bbox 651 5055 656 5076; x_wconf 64' lang='lat'><em>1</em></span> <span class='ocrx_word' id='word_1_625' title='bbox 847 5049 849 5052; x_wconf 59' lang='lat'>&gt;</span> 
     </span>
    </p>
   </div>
   <div class='ocr_carea' id='block_1_22' title="bbox 246 5107 783 5264">
    <p class='ocr_par' dir='ltr' id='par_1_23' title="bbox 246 5107 783 5264">
     <span class='ocr_line' id='line_1_78' title="bbox 246 5107 783 5181; baseline -0.022 -12"><span class='ocrx_word' id='word_1_626' title='bbox 246 5116 294 5181; x_wconf 85' lang='lat'><strong>10)</strong></span> <span class='ocrx_word' id='word_1_627' title='bbox 312 5113 380 5168; x_wconf 90' lang='lat' dir='ltr'><strong>Cod.</strong></span> <span class='ocrx_word' id='word_1_628' title='bbox 401 5112 484 5166; x_wconf 89' lang='lat' dir='ltr'><strong>Goth.</strong></span> <span class='ocrx_word' id='word_1_629' title='bbox 503 5122 529 5165; x_wconf 89' lang='lat' dir='ltr'><strong>et</strong></span> <span class='ocrx_word' id='word_1_630' title='bbox 546 5109 665 5179; x_wconf 89' lang='lat' dir='ltr'><strong>Guelph.</strong></span> <span class='ocrx_word' id='word_1_631' title='bbox 686 5107 783 5159; x_wconf 84' lang='lat' dir='ltr'><strong>etiam.</strong></span> 
     </span>
     <span class='ocr_line' id='line_1_79' title="bbox 247 5189 756 5264; baseline -0.01 -14"><span class='ocrx_word' id='word_1_632' title='bbox 247 5200 293 5264; x_wconf 87' lang='grc'><strong>11)</strong></span> <span class='ocrx_word' id='word_1_633' title='bbox 312 5199 413 5249; x_wconf 73' lang='lat' dir='ltr'><strong>scilicet</strong></span> <span class='ocrx_word' id='word_1_634' title='bbox 431 5197 505 5249; x_wconf 85' lang='lat' dir='ltr'><strong>abest</strong></span> <span class='ocrx_word' id='word_1_635' title='bbox 522 5213 536 5246; x_wconf 85' lang='lat' dir='ltr'><strong>a</strong></span> <span class='ocrx_word' id='word_1_636' title='bbox 554 5195 615 5246; x_wconf 88' lang='lat' dir='ltr'><strong>cod.</strong></span> <span class='ocrx_word' id='word_1_637' title='bbox 637 5189 756 5262; x_wconf 86' lang='lat' dir='ltr'><strong>Guelph.</strong></span> 
     </span>
    </p>
   </div>
   <div class='ocr_carea' id='block_1_23' title="bbox 245 5279 1089 5432">
    <p class='ocr_par' dir='ltr' id='par_1_24' title="bbox 245 5279 1089 5432">
     <span class='ocr_line' id='line_1_80' title="bbox 247 5279 646 5349; baseline -0.023 -12"><span class='ocrx_word' id='word_1_638' title='bbox 247 5282 293 5349; x_wconf 80' lang='lat'><strong>12)</strong></span> <span class='ocrx_word' id='word_1_639' title='bbox 312 5280 382 5335; x_wconf 81' lang='lat' dir='ltr'><strong>cod.</strong></span> <span class='ocrx_word' id='word_1_640' title='bbox 401 5279 511 5332; x_wconf 86' lang='lat' dir='ltr'><strong>Monac.</strong></span> <span class='ocrx_word' id='word_1_641' title='bbox 531 5294 646 5343; x_wconf 82' lang='lat' dir='ltr'><strong>magna.</strong></span> 
     </span>
     <span class='ocr_line' id='line_1_81' title="bbox 245 5349 1089 5432; baseline -0.021 -12"><span class='ocrx_word' id='word_1_642' title='bbox 245 5367 293 5431; x_wconf 75' lang='grc'><strong>18)</strong></span> <span class='ocrx_word' id='word_1_643' title='bbox 308 5382 403 5432; x_wconf 78' lang='lat' dir='ltr'><strong>praee.</strong></span> <span class='ocrx_word' id='word_1_644' title='bbox 420 5366 521 5415; x_wconf 73' lang='lat' dir='ltr'><strong>elaeatr.</strong></span> <span class='ocrx_word' id='word_1_645' title='bbox 542 5363 697 5413; x_wconf 78' lang='lat' dir='ltr'><strong>exciderunt</strong></span> <span class='ocrx_word' id='word_1_646' title='bbox 716 5378 729 5411; x_wconf 88' lang='lat' dir='ltr'><strong>e</strong></span> <span class='ocrx_word' id='word_1_647' title='bbox 748 5357 809 5412; x_wconf 90' lang='lat' dir='ltr'><strong>cod.</strong></span> <span class='ocrx_word' id='word_1_648' title='bbox 829 5353 910 5409; x_wconf 88' lang='lat' dir='ltr'><strong>Goth.</strong></span> <span class='ocrx_word' id='word_1_649' title='bbox 928 5361 954 5405; x_wconf 88' lang='lat' dir='ltr'><strong>et</strong></span> <span class='ocrx_word' id='word_1_650' title='bbox 973 5349 1089 5422; x_wconf 81' lang='lat' dir='ltr'><strong>Guelph.</strong></span> 
     </span>
    </p>
   </div>
   <div class='ocr_carea' id='block_1_24' title="bbox 205 5449 798 5686">
    <p class='ocr_par' dir='ltr' id='par_1_25' title="bbox 205 5449 798 5686">
     <span class='ocr_line' id='line_1_82' title="bbox 247 5449 798 5517; baseline -0.013 -12"><span class='ocrx_word' id='word_1_651' title='bbox 247 5454 296 5517; x_wconf 75' lang='grc'><strong>11)</strong></span> <span class='ocrx_word' id='word_1_652' title='bbox 316 5450 384 5504; x_wconf 81' lang='lat' dir='ltr'><strong>cod.</strong></span> <span class='ocrx_word' id='word_1_653' title='bbox 402 5449 515 5501; x_wconf 84' lang='lat' dir='ltr'><strong>Monac.</strong></span> <span class='ocrx_word' id='word_1_654' title='bbox 533 5450 644 5513; x_wconf 79' lang='lat' dir='ltr'><strong>placere</strong></span> <span class='ocrx_word' id='word_1_655' title='bbox 663 5449 798 5499; x_wconf 76' lang='lat' dir='ltr'><strong>rnnxr&#39;me.</strong></span> 
     </span>
     <span class='ocr_line' id='line_1_83' title="bbox 246 5530 671 5605; baseline -0.014 -13"><span class='ocrx_word' id='word_1_656' title='bbox 246 5538 295 5605; x_wconf 84' lang='grc'><strong>15)</strong></span> <span class='ocrx_word' id='word_1_657' title='bbox 315 5538 365 5590; x_wconf 80' lang='lat' dir='ltr'><strong>tibi</strong></span> <span class='ocrx_word' id='word_1_658' title='bbox 380 5536 454 5588; x_wconf 86' lang='lat' dir='ltr'><strong>abest</strong></span> <span class='ocrx_word' id='word_1_659' title='bbox 472 5553 486 5586; x_wconf 89' lang='lat' dir='ltr'><strong>a</strong></span> <span class='ocrx_word' id='word_1_660' title='bbox 505 5533 568 5588; x_wconf 94' lang='lat' dir='ltr'><strong>cod.</strong></span> <span class='ocrx_word' id='word_1_661' title='bbox 586 5530 671 5586; x_wconf 86' lang='lat' dir='ltr'><strong>Goth.</strong></span> 
     </span>
     <span class='ocr_line' id='line_1_84' title="bbox 205 5610 680 5686; baseline -0.025 -1"><span class='ocrx_word' id='word_1_662' title='bbox 205 5621 396 5686; x_wconf 68' lang='lat' dir='ltr'><strong>blerana.</strong></span> <span class='ocrx_word' id='word_1_663' title='bbox 410 5614 513 5679; x_wconf 83' lang='lat' dir='ltr'><strong>Orra.</strong></span> <span class='ocrx_word' id='word_1_664' title='bbox 542 5610 680 5675; x_wconf 68' lang='lat' dir='ltr'><strong>vouv.</strong></span> 
     </span>
    </p>
   </div>
   <div class='ocr_carea' id='block_1_25' title="bbox 0 0 2460 6420">
    <p class='ocr_par' dir='ltr' id='par_1_26' title="bbox 0 0 2460 6420">
     <span class='ocr_line' id='line_1_85' title="bbox 0 0 2460 6420; baseline 0 0"><span class='ocrx_word' id='word_1_665' title='bbox 0 0 2460 6420; x_wconf 95' lang='lat' dir='ltr'><strong> </strong></span> 
     </span>
    </p>
   </div>
  </div>
 </body>
</html>
