4882 6426
197 361 273 438 815
784 327 1222 412 EPISTOLARUM
1275 329 1481 409 LlB.IX.
1529 326 1667 408 1⁵45.
1757 255 1760 259 ἡ
2172 330 2252 406 ate

201 529 361 608 omnium
379 516 610 598 concionum,
622 533 709 605 quas
725 509 765 578 in
780 503 937 578 Ecclesia
947 496 1195 592 Naohurgensi
1247 519 1388 596 grueret
1401 529 1482 575 eum
1499 505 1579 575 aliis
1592 519 1686 592 recte
1700 504 1928 585 docentibus,
1944 505 2115 598 quodque
2128 497 2251 573 ἱῃΕς.

202 632 330 708 hahuit
354 618 509 706 Morus,
535 630 575 689 ut
600 627 701 684 erant
723 614 768 682 ab
790 610 867 702 ipso
885 601 1004 675 Moro
1026 604 1139 674 notati
1162 616 1197 671 et
1247 608 1354 677 closia
1370 607 1636 697 Naoburgensi,
1661 603 1747 678 haec
1770 631 1825 677 res
1847 609 2069 677 occasionem
2092 606 2246 677 dedisset

202 736 302 810 missi
316 729 514 821 Episcopo,
534 721 574 788 5¹¹
589 717 719 811 quibus
738 712 930 804 apparebat
953 731 1127 799 nusquam
1151 707 1197 774 il·
1247 709 1480 795 factionibus,
1514 734 1602 803 quae
1631 711 1661 778 si
1684 722 1895 794 crescerent,
1928 710 2132 802 periculum
2161 730 2246 794 esse,

202 844 281 914 lum
299 819 720 905 velverb⁰ss0mi¹1³liffl
741 814 943 884 meminisse
957 809 1114 879 ¹1⁰¹¹¹i1¹3⁸
1128 805 1198 876 Pa·
1247 836 1293 882 ne
1314 808 1472 882 Ecclesia
1502 813 1738 882 scinderetur:
1772 813 1852 881 ideo
1877 824 1918 880 ut
1944 825 2163 881 sanarentur
2181 803 2247 880 hae

201 938 321 1037 pistici
338 928 664 1020 aulpssplsfifflfflm
679 918 871 1018 i¹A¹¹Pl⁰f11¹1¹
888 914 1048 983 cultuum
1064 935 1105 979 ae
1122 933 1196 978 ma·
1248 914 1463 984 offensiones
1496 927 1530 984 et
1563 914 1748 984 tolleretur
1779 912 1914 982 occasio
1946 908 2183 983 schismatum
2214 924 2247 985 et

202 1046 410 1117 nifestarum
425 1026 690 1123 turpitudinum
707 1021 744 1088 in
763 1019 845 1087 vita.
886 1015 1011 1085 Postea
1028 1011 1198 1104 Episcopi
1248 1017 1515 1095 scandalorum,
1556 1009 1702 1107 posthac
1727 1015 1921 1086 abstineret
1941 1040 1963 1085 a
1983 1039 2137 1084 munem
2163 1037 2247 1084 con·

203 1144 350 1219 nomine
382 1129 496 1207 Moro
529 1125 713 1218 respondit
745 1120 790 1192 D.
822 1116 957 1189 Doctor
981 1111 1195 1185 Martinus:
1248 1118 1416 1188 cionandi
1440 1117 1478 1186 in
1494 1141 1534 1186 ea
1557 1115 1727 1190 Ecclesia.
1779 1116 1851 1188 Sed
1874 1140 1920 1186 ne
1944 1130 2161 1211 quereretur
2179 1118 2241 1186 dn-

203 1247 376 1322 Auditam
398 1261 471 1308 esse
496 1232 607 1324 ipsius
619 1223 851 1318 Apologiam,
874 1222 935 1290 sed
957 1221 1001 1287 ad
1018 1217 1198 1308 principa·
1248 1221 1324 1290 rius
1340 1243 1458 1290 secum
1474 1220 1548 1310 agi,
1573 1243 1678 1311 quam
1693 1243 1758 1310 par
1774 1232 1879 1303 esset,
1903 1216 2108 1311 Episcopus
2130 1232 2241 1289 tamen

202 1353 275 1422 lem
290 1358 426 1439 partem
447 1332 680 1408 accusationis
700 1323 795 1396 nihil
810 1345 1018 1413 responsum
1033 1342 1127 1398 esse,
1152 1319 1197 1385 de
1249 1322 1467 1414 stipendium
1499 1317 1607 1390 huius
1631 1322 1720 1390 anni
1744 1322 1776 1390 ei
1806 1321 1981 1412 integrum
2007 1320 2180 1414 reliquit,
2208 1344 2246 1390 ae
2279 1381 2282 1391 ⁴

202 1476 274 1548 qua
297 1444 440 1541 proprie
465 1451 637 1528 ageretur.
688 1430 770 1499 Non
798 1427 894 1495 enim
916 1419 986 1492 hoc
1009 1414 1197 1514 quaeri³):
1247 1424 1412 1517 promisit
1427 1447 1463 1492 se
1480 1425 1705 1508 adiuturum,
1730 1437 1772 1495 ut
1789 1425 1844 1494 vel
1862 1423 1897 1491 in
1915 1423 2171 1503 suadioecesi,
2193 1423 2244 1492 vel

203 1551 383 1651 quomodo
406 1558 488 1614 ante
513 1535 582 1608 hoc
607 1550 744 1624 tempus
767 1542 828 1599 aut
852 1525 1013 1595 docuerit
1043 1535 1103 1592 aut
1124 1544 1198 1590 sese
1249 1527 1337 1597 alibi
1358 1527 1468 1595 alium
1490 1521 1679 1595 honestum
1701 1527 1818 1596 locum
1832 1541 1866 1595 et
1880 1526 2129 1596 condicionem
2150 1525 2247 1595 inve,

202 1652 366 1748 gesserit3
402 1649 439 1716 id
461 1643 544 1715 satis
565 1650 691 1707 notum
714 1656 787 1702 esse
796 1655 805 1717 ;
839 1630 899 1698 scd
924 1628 1019 1720 quod
1038 1648 1133 1693 nunc
1158 1624 1197 1691 in
1248 1621 1385 1724 niat‘).
1434 1624 1531 1696 Haec
1554 1651 1634 1696 cum
1662 1628 1715 1696 illi
1737 1628 1787 1696 sic
1806 1628 1961 1719 exposita
1988 1640 2128 1712 essent,
2158 1651 2247 1721 quae

201 1748 450 1842 Neoburgensi
464 1764 637 1823 munere,
663 1737 763 1830 quasi
788 1732 844 1802 sui
869 1728 1069 1812 dissimilis,
1100 1750 1197 1795 nun·
1249 1732 1311 1801 ille
1325 1744 1443 1800 tamen
1457 1729 1564 1799 nimis
1582 1730 1684 1798 molli
1699 1744 1734 1801 et
1747 1732 1859 1799 fracto
1875 1730 1995 1801 animo
2012 1730 2174 1821 accepit,
2199 1731 2246 1800 ita

202 1883 309 1956 quam
327 1856 445 1949 palam
467 1862 502 1918 et
527 1865 685 1935 expresse
708 1835 836 1908 taxarit
859 1832 914 1901 vel
936 1853 1074 1900 errores
1097 1827 1199 1918 papi·
1249 1858 1345 1904 nunc
1368 1834 1560 1902 discessum
1588 1821 1670 1916 esp·
1688 1846 1731 1903 ut
1757 1833 1811 1903 mi
1839 1831 1944 1902 etiam
1970 1827 2006 1902 h·
2030 1857 2062 1906 e·
2088 1831 2246 1902 Ministri

201 1963 308 2034 eticae
342 1954 525 2027 doctrinae
560 1959 594 2015 et
620 1944 735 2012 cultus
769 1934 898 2028 impios
928 1934 984 2001 vel
1009 1932 1197 2000 manifesto
1248 1934 1436 2025 Evangelii
1458 1934 1496 2001 in
1525 1934 1668 2003 ecclesia
1689 1933 1936 2024 Naoburgensi
1966 1936 2248 2005 admonerentur

200 2061 365 2135 scandala
401 2058 438 2126 in
464 2053 534 2120 vita
566 2047 663 2115 illius
686 2041 818 2132 gregis,
852 2038 887 2105 id
914 2058 1083 2127 apparere
1116 2056 1195 2101 etim
1249 2052 1424 2122 amanter,
1457 2049 1497 2106 up
1517 2051 1632 2107 essent
1654 2037 1749 2128 pacis
1774 2050 1808 2108 et
1828 2037 2039 2107 concordiae
2059 2037 2102 2104 in
2119 2038 2247 2108 tuenda

200 2166 280 2237 aliis
303 2160 425 2231 multis
449 2147 684 2244 argumentis,
709 2159 786 2213 tum
802 2165 842 2208 ex
859 2138 930 2206 illis
946 2137 1032 2228 ipsis
1054 2131 1196 2227 notis⁴)
1249 2163 1330 2209 vera
1349 2138 1509 2210 doctrina
1524 2138 1693 2224 studiosi,
1719 2139 1841 2209 addito
1858 2139 1962 2209 etiam
1986 2135 2143 2209 honesto
2158 2142 2200 2209 de
2214 2152 2246 2209 ee

200 2265 415 2340 concionum
439 2249 578 2348 eius⁵).
639 2247 794 2319 Addidit
816 2243 939 2324 etiam,
973 2238 1043 2307 sibi
1065 2237 1196 2304 mirum
1249 2255 1283 2311 et
1299 2241 1371 2310 illis
1388 2239 1603 2312 testimonio.
1654 2237 1774 2309 Habes
1798 2241 1971 2327 breviter,
1997 2266 2095 2337 quae
2121 2242 2162 2311 in
2182 2237 2245 2313 hoc

200 2368 333 2449 videri,
358 2366 388 2434 si
404 2361 591 2454 quisquam
607 2373 688 2419 vere
708 2373 746 2416 ac
763 2344 916 2413 fideliter
931 2343 1062 2410 docens
1075 2335 1198 2407 Evan-
1248 2344 1489 2434 „0301502023
1512 2355 1615 2428 sunt,
1643 2343 1707 2414 eps:
1724 2344 1886 2413 existimo
1911 2343 2174 2436 pleraqueiam
2188 2345 2245 2414 ab.

201 2470 352 2562 galium,
377 2465 434 2532 vel
456 2459 573 2529 studio
598 2448 665 2523 hoc
682 2448 792 2543 possit
807 2446 938 2527 vitare,
963 2456 1004 2514 ut
1019 2464 1196 2533 nusquam
1248 2449 1344 2516 unde
1366 2446 1434 2517 tibi
1449 2445 1587 2534 cognita
1607 2468 1690 2519 esse.
1741 2443 1839 2516 Bene
1855 2446 1944 2521 vale.
1997 2445 2244 2537 Witebergae.

199 2595 361 2665 unquam
385 2564 521 2634 incidat
537 2560 576 2627 in
598 2549 910 2646 reprehensionem
926 2569 987 2614 seu
1004 2542 1123 2635 potius
1139 2563 1197 2610 re·
1231 2548 1412 2621 secundo
1426 2546 1582 2638 August:
1600 2544 1710 2622 1545·

198 2672 412 2747 fucationem
437 2658 660 2734 adversariae
691 2651 884 2723 doctrinae.
947 2644 1056 2736 Quod
1077 2657 1196 2714 tamen
1795 2647 1929 2744 caspar
1943 2647 2144 2741 cmciget’
2159 2646 2199 2723 n·

198 2775 384 2848 manifeste
404 2766 563 2861 requirat
579 2759 713 2830 Paulus
736 2755 775 2824 in
791 2749 989 2842 Episcopo,
1014 2760 1055 2818 ut
1070 2759 1196 2838 potens

198 2879 263 2965 sit,
294 2901 370 2947 non
392 2884 531 2942 tantum
560 2865 600 2933 in
624 2860 784 2931 docendo
809 2868 842 2925 et
862 2848 1102 2934 exhortando,
1134 2848 1194 2918 sed

199 2981 306 3051 etiam
322 2978 363 3046 in
377 2970 565 3045 refutando
583 2960 864 3076 contradicentes
880 2954 1062 3073 doctrinae
1078 2973 1196 3070 sanae.
1254 2987 1322 3062 No·
1338 2983 1451 3061 324⁰·
1707 2972 1710 2977 -
2120 3005 2144 3066 ἲ
2168 2994 2232 3060 Α.

197 3081 243 3152 In
267 3075 360 3150 hanc
382 3073 594 3147 sententiam
618 3060 885 3154 cumpluribus
908 3057 1027 3126 verbis
1050 3055 1197 3124 dnusset
1254 3089 1467 3122 w
2124 3021 2240 3117 :nug

196 3181 408 3265 D.Doctor,
436 3177 515 3260 ille,
541 3194 624 3241 cum
639 3165 722 3237 satis
745 3159 832 3232 haec
849 3160 1001 3229 refutare
1024 3180 1099 3225 non
1113 3177 1196 3245 pos-
1589 3135 1643 3226 V,
1675 3137 1912 3226 Theodoro,

198 3301 269 3370 set,
302 3280 483 3354 excusavit
503 3299 559 3359 se,
589 3271 715 3356 „bono
736 3264 856 3335 studio
878 3285 984 3331 usum
1005 3282 1079 3328 esse
1103 3256 1196 3325 leni·
1315 3306 1401 3379 Epist.
1419 3304 1468 3362 lib.
1486 3304 1535 3358 Vl·
1552 3320 1580 3374 p.
1601 3302 1683 3358 488⁸
1730 3335 1765 3346 -
1805 3302 1858 3360 tlte
1883 3324 1914 3359 ex
1934 3314 2001 3359 m
2078 3307 2095 3362 b
2140 3309 2148 3322 .
2193 3308 2242 3364 ωὰ

196 3401 288 3471 tate,
313 3399 354 3455 ut
371 3384 422 3453 ita
438 3369 787 3449 faciliusCanonicos
802 3379 836 3434 et
851 3363 922 3432 illis
939 3361 1099 3432 addictos
1115 3382 1196 3450 per·
1351 3376 1463 3430 Monac.
1480 3377 1503 3430 1.
1522 3391 1551 3446 p.
1566 3373 1627 3427 ets.
1685 3322 1713 3377 ς’
2004 3323 2077 3380 ⁸⁰9
2096 3327 2116 3362 ⁰
2139 3327 2168 3364 ¹¹¹

198 3483 356 3559 traheret
389 3486 434 3553 ad
467 3475 750 3571 amplectandam
775 3466 974 3538 doctrinam
994 3460 1196 3551 Evangelii,

198 3602 303 3672 etse,
337 3583 561 3678 quodetiam
585 3568 712 3666 ante⁶)
738 3570 891 3651 dixerat,
916 3561 985 3635 hoc
1006 3564 1114 3633 modo
1130 3561 1197 3629 ali-

199 3712 290 3783 quos
311 3684 513 3756 adiunxisse
537 3690 680 3746 nostrae
703 3672 807 3763 parti.
868 3667 976 3754 Quod
1001 3688 1085 3732 vero
1109 3662 1196 3733 vitia

199 3816 274 3861 non
291 3781 481 3872 taxarit⁷),
506 3806 547 3850 eo
564 3780 716 3857 factum,
740 3771 836 3865 quod
851 3768 890 3836 in
905 3767 1077 3838 tradendo
1093 3761 1197 3834 cate·
1247 3757 1294 3848 S.
1320 3771 1363 3846 D,
1414 3765 1714 3842 CarissimeVite.
1752 3768 1835 3839 Non
1852 3793 1993 3862 possum
2012 3774 2243 3864 prolixescri·

200 3888 359 3975 chismo,
381 3888 543 3957 nondum
566 3876 784 3972 pervenisset
809 3873 854 3940 ad
871 3880 1053 3961 praecepta
1069 3889 1197 3935 secun·
1250 3879 1344 3949 bere.
1396 3871 1471 3943 lam
1495 3873 1590 3940 enim
1615 3871 1799 3963 ingredior
1823 3871 1890 3941 iter
1914 3897 1985 3942 iana
2009 3899 2097 3945 cum
2117 3874 2165 3949 D.
2182 3875 2244 3948 Pa-

199 3998 265 4066 dae
284 3986 464 4062 tabulae.'’
514 3983 602 4052 Visa
620 3995 765 4050 estsane
781 3988 815 4044 et
831 3968 917 4041 haec
932 3969 1115 4062 responsio
1132 3966 1198 4035 fri·
1249 3992 1344 4048 store
1367 3977 1412 4045 ad
1429 3973 1633 4064 Principem
1659 3988 1693 4046 et
1710 3966 1980 4043 adLulherum
1999 3977 2135 4053 iturus.
2181 3976 2243 4050 Es-

199 4097 335 4187 gidior,
360 4115 468 4186 quam
489 4102 531 4158 ut
552 4085 656 4153 illum
673 4081 865 4160 relevaret,
890 4075 933 4141 de
947 4098 1018 4166 <1¹10
1037 4070 1199 4160 l⁰ssgi⁰r⁶
1250 4081 1404 4172 patiatus
1435 4091 1486 4148 est
1507 4069 1701 4146 Lutherus
1718 4072 1771 4168 ¹),
1814 4090 1847 4146 et
1876 4078 1997 4148 nescio
2024 4104 2138 4173 quam
2160 4083 2244 4153 iudi-

199 4200 360 4270 oratione
382 4190 587 4263 admonitus
613 4199 664 4255 est
695 4177 783 4253 aD.
806 4176 971 4247 Doctorc.
1023 4172 1094 4244 Sed
1117 4195 1198 4243 cum
1250 4181 1455 4273 gnationem
1493 4178 1717 4265 circumfert,
1762 4203 1826 4249 cur
1863 4180 1980 4248 redire
2022 4182 2245 4278 contatur²).

199 4300 449 4393 responderet,
474 4317 512 4362 se
537 4277 745 4375 futurum⁸)
768 4281 808 4348 in
831 4290 1003 4371 potestate
1017 4273 1199 4366 Episcopi,
1249 4283 1346 4355 Deus
1369 4296 1466 4372 regat
1492 4294 1527 4350 et
1549 4281 1648 4350 iuvet
1668 4304 1746 4355 nos.
1803 4277 1858 4350 De
1880 4277 2120 4378 Hieronymo
2151 4310 2243 4382 wan

199 4427 240 4474 ac
263 4404 459 4481 facturum,
489 4393 585 4487 quod
607 4389 668 4457 ille
689 4387 848 4467 iuberet,
876 4376 998 4449 habita
1023 4377 1199 4447 delibera·
1250 4386 1405 4478 primum
1439 4383 1543 4453 nobis
1575 4395 1669 4452 certa
1693 4383 1857 4466 scribito,
1893 4409 1981 4478 quae
2011 4388 2158 4459 utinam
2186 4391 2243 4460 siut

199 4506 318 4588 tione,
339 4502 457 4570 visum
481 4509 533 4566 est
555 4492 609 4562 illi
625 4488 816 4560 dicendum
831 4507 920 4553 esse:
960 4477 1199 4572 Quandoqui·
1249 4490 1385 4571 fausta,
1415 4500 1456 4556 ut
1481 4480 1593 4575 gloria
1617 4484 1682 4553 filii
1704 4482 1774 4555 Dei
1797 4487 2016 4573 celebretur,
2042 4513 2116 4562 nec
2140 4493 2242 4563 dicant

199 4610 280 4678 dem
304 4612 489 4697 appareret
511 4598 548 4666 in
572 4594 684 4686 ipsius
698 4588 860 4659 doctrina
880 4587 958 4654 iure
976 4580 1045 4652 hoc
1060 4581 1200 4652 deside-
1251 4589 1371 4683 impii,
1398 4586 1470 4659 Ubi
1489 4599 1541 4656 est
1554 4583 1652 4657 Deus
1670 4589 1819 4658 eorum?

200 4710 294 4792 rari,
319 4706 416 4801 quod
440 4702 479 4770 in
497 4690 802 4790 reprehendendis
826 4688 1007 4759 erroribus
1025 4709 1100 4754 11011
1114 4706 1199 4754 con·
1352 4689 1425 4760 Pro
1458 4688 1582 4759 cultris
1615 4702 1649 4758 et
1679 4691 1800 4759 codice
1834 4689 1980 4781 gratiam
2020 4694 2093 4765 tibi
2132 4692 2239 4768 habeo.

1252 4794 1324 4867 Sed
1351 4793 1506 4864 codicem
1533 4790 1617 4862 dedi
1643 4784 1808 4861 Besoldo
1834 4793 1946 4863 amico
1973 4811 2119 4869 nostro.
2168 4798 2242 4870 Mit-

207 4927 408 4947 -”·-····
1250 4911 1289 4968 to
1322 4894 1388 4966 tibi
1417 4893 1672 4986 praefationem
1705 4893 1744 4962 in
1773 4891 2038 4986 Astrologicum
2061 4895 2241 4981 Schomrt‘,

1252 5023 1358 5094 quam
1374 5020 1460 5087 rogo
1476 5009 1515 5065 ut
1534 4995 1566 5065 ei
1584 4991 1750 5066 exhibere
1763 5022 1876 5072 cures.
1929 4995 2059 5071 Iudico
2088 5005 2148 5097 pie
2171 5004 2240 5074 scri

1247 3532 1301 3610 D.
1332 3531 1437 3606 Veto
1464 3526 1732 3616 Theodoro,
1764 3525 1907 3601 docenti
1929 3527 2090 3629 Evang.
2116 3533 2159 3606 in
2179 3531 2242 3605 Ec·

1577 3630 1690 3703 alesia
1708 3627 1906 3727 Noriberg.

235 5052 265 5122 8)
282 5051 373 5104 Dana.
387 5040 531 5113 mendose:
548 5051 664 5106 quaero.

233 5135 263 5201 4)
280 5132 371 5187 Dana.
381 5125 526 5181 mendose:
546 5119 665 5174 notatis.

235 5216 264 5286 5)
282 5217 373 5270 Dana.
396 5208 528 5264 mendose
547 5206 608 5259 :ius
626 5203 654 5256 in
675 5201 740 5254 loeti
762 5197 876 5252 mutavit
904 5214 936 5249 ex
959 5192 1134 5255 coniectura,
1153 5191 1199 5246 sed

235 5296 474 5440 (ildlidn‘iiudide,
492 5375 523 5410 er
535 5354 648 5409 mendo.
886 5383 891 5391 x
1286 5269 1933 5397 *ἢϊίῒῃᾜξῖιέιῑὸἓὲθξέῗέἰθιέἒίοὓίοωω
1955 5272 2106 5334 dimissum
2127 5282 2240 5355 scripte:

234 5456 268 5527 7)
285 5455 377 5508 Daue.
397 5443 561 5508 taxaverit,
579 5457 610 5492 er
627 5437 828 5492 emendatione.
1289 5432 1317 5498 l)
1339 5428 1401 5484 Vid.
1415 5424 1527 5481 liutheri
1541 5425 1621 5499 epist.
1636 5427 1663 5482 d.
1678 5426 1718 5482 ta.
1732 5425 1783 5482 tul.
1799 5428 1876 5483 1545.

236 5540 265 5608 8)
284 5537 375 5592 Dana.
394 5545 453 5584 este
472 5543 524 5599 pro
534 5525 683 5594 futurum·
1289 5517 1319 5583 2)
1338 5513 1441 5590 Spania.
1455 5510 1554 5569 edidit:
1573 5521 1731 5569 conemur.
