4868 6420
277 366 337 427 111
638 414 641 418 ,
782 335 1055 415 ANNALES
1087 333 1272 411 VITAE
1306 333 1438 416 MEL.
1492 338 1624 419 1644.
1676 344 1810 423 1545.

297 449 373 612 qod,
417 519 557 606 Lipsiam
569 521 764 605 proficiscitur
780 542 851 584 oum
865 519 951 587 Hier.
967 515 1119 583 Scbnrflio
1134 515 1173 578 ad
1184 518 1306 599 nuptias
1320 515 1417 582 Ulri'ci
1433 516 1604 585 murdim.

312 660 375 732 24.
418 656 584 721 Academia
597 654 739 717 nonnihil
751 657 886 718 turbatur
900 655 1078 735 contagione
1093 653 1289 735 pestilentiae.

292 795 376 865 Nos.

164 874 183 909 ⁹
313 906 372 970 10,
419 883 565 947 Hortatur
577 879 622 946 V.
638 879 836 944 Theodorum
849 892 885 943 ut
899 877 1030 943 Lutheri
1045 880 1320 944 commentarium
1310 900 1343 940 m
1358 874 1489 944 Genesin
1502 903 1623 966 prorsus
1637 896 1782 965 pertexat.

288 1037 371 1104 11,
417 1013 519 1082 Iustus
534 1011 623 1078 Ionas
636 1014 816 1098 Witeberga
831 1036 951 1099 prorsus
968 1015 1092 1077 discedit
1106 1013 1143 1075 ad
1158 1015 1313 1075 ecclesiam
1324 1012 1496 1079 Halousem.

310 1172 369 1237 19,
419 1149 501 1235 Papa
513 1152 621 1214 indicit
636 1154 799 1213 concilium
816 1149 956 1213 Tridenti
970 1147 1141 1211 habendum
1157 1147 1194 1209 ad
1210 1147 1239 1208 d.
1259 1148 1317 1215 15.
1331 1145 1420 1212 Mart.
1444 1149 1550 1219 1646.

309 1309 372 1371 22
419 1284 492 1349 illel.
508 1297 623 1347 enanat
639 1287 725 1368 epist.
743 1282 832 1347 Pauli
846 1284 884 1345 ad
896 1281 1062 1347 Romanos

310 1443 368 1504 23,
418 1418 542 1483 Mandat
554 1417 696 1500 Princeps
711 1414 852 1492 Elector,
879 1431 913 1480 ut
929 1416 1083 1498 Theologi
1096 1413 1341 1497 Witebergensas
1357 1418 1593 1497 complectantur
1608 1416 1773 1477 doctrinam
1786 1410 1944 1499 Evangelii
1963 1420 2074 1500 scripto
2098 1419 2181 1503 quod
2203 1415 2320 1483 Caesari

465 1526 502 1584 in
517 1523 648 1584 comitiis
661 1518 937 1585 Wormatiensibus
949 1520 1027 1582 tradi
1043 1521 1148 1602 possit.
1184 1515 1358 1600 Scripsit
1348 1531 1451 1647 itaque
1466 1516 1645 1582 Melanthon
1665 1514 1938 1601 „reformationem
1955 1511 2252 1600 Witebergensemffi
2285 1537 2319 1584 ut

467 1637 604 1687 vocatur.
2304 1645 2309 1649 ·

190 1734 194 1741 Ι
308 1778 368 1842 25,
418 1756 597 1823 Praefator'
587 1778 621 1818 ιιι
637 1756 799 1818 editionem
812 1750 916 1817 LXX
928 1748 1129 1837 interpretum
1143 1750 1356 1818 Basileenscm.

280 1904 375 2079 DJ?
420 1984 573 2051 Iudicium
587 1986 689 2048 scribit
705 1984 742 2045 de
755 1984 871 2065 synodo
887 2003 904 2043 a
917 1979 1000 2063 Papa
1012 1981 1136 2043 indicta.

309 2116 366 2179 19·
419 2119 598 2202 Philippum
612 2114 837 2198 Landgravium
849 2128 955 2198 rogat,
981 2128 1017 2177 ut
1032 2115 1195 2178 intercedat
1208 2137 1263 2197 pro
1278 2111 1514 2195 Baumgartnero
1530 2109 1671 2194 Senatori
1686 2111 1846 2195 Norimb.‚
1873 2124 1959 2200 capto
1974 2123 2047 2179 etin
2063 2139 2176 2179 carcere
2193 2134 2319 2183 retento.

312 2251 371 2312 22.
419 2249 535 2314 Iudicat
552 2252 588 2313 de
604 2254 703 2314 usuris
719 2264 748 2313 et
763 2252 799 2311 de
809 2254 1012 2329 mutuatione.

307 2376 368 2447 24·
418 2385 523 2450 Pastor
537 2389 679 2448 ecclesiae
697 2380 843 2448 Cibiensis
855 2387 890 2445 in
903 2381 1060 2465 Hungaria
1073 2382 1203 2444 consulit
1216 2377 1393 2460 Theologos
1407 2376 1653 2463 Witebergenses
1671 2381 1707 2442 de
1722 2383 1858 2446 doctrina
1872 2384 1908 2445 de
1925 2404 2016 2447 coena
2031 2407 2121 2448 sacre.

316 2604 321 2613 .
418 2518 523 2583 Edidit
536 2521 596 2582 hoc
610 2540 689 2581 anno
704 2522 913 2581 annotationes
928 2521 961 2578 in
976 2514 1159 2599 Evangelia,
1186 2509 1320 2596 Georgio
1331 2511 1406 2576 Helt
1419 2513 1537 2577 dicatas.

418 2653 573 2718 Praefatur
586 2656 619 2716 in
633 2651 790 2736 Robigalli
803 2650 1049 2735 Hodoeporicon.

1064 3025 1071 3037 “
1171 3077 1365 3156 armo
1402 3077 1536 3206 less.

305 3202 371 3269 Ian.

335 3318 370 3377 1.
423 3317 577 3384 Praefatur
591 3320 625 3378 in
639 3313 774 3378 Terentii
790 3317 960 3378 comoedias
975 3338 992 3378 a
1007 3312 1177 3379 Camerario
1192 3318 1319 3380 edendas
1333 3319 1370 3380 de
1383 3318 1518 3400 legendis
1533 3318 1692 3399 tragoediis
1707 3330 1738 3379 et
1753 3319 1928 3382 comoediis.

336 3442 370 3507 4·
424 3454 566 3536 Princeps
580 3449 701 3512 Elector
715 3452 808 3510 mittit
823 3450 860 3510 sd
874 3448 1119 3531 Witebergenses
1133 3448 1243 3513 Bucari
1259 3456 1402 3535 scriptum
1416 3452 1452 3513 de
1468 3451 1682 3515 reformatione
1696 3456 1845 3514 ecclesiae.

339 3575 372 3641 6·
424 3585 543 3647 Fered
559 3586 641 3651 6-
651 3590 709 3651 10
725 3579 791 3645 Ian.
806 3581 992 3647 Camerarius
1005 3597 1049 3646 est
1061 3583 1259 3667 Witebergae
1275 3587 1369 3667 apud
1365 3583 1612 3648 Melmrhonem.
1928 3542 1931 3547 >

223 3756 226 3761 >
317 3706 376 3777 14.
426 3717 614 3783 Reformatio
635 3713 896 3796 Witebergensis‚
929 3730 964 3777 ut
983 3728 1125 3795 vocetur,
1156 3715 1383 3780 aMelanthone
1405 3723 1514 3801 scripta
1535 3724 1666 3782 mittitur
1685 3723 1722 3782 ad
1744 3715 1917 3802 Principem
1929 3714 2044 3797 Elect„
2076 3732 2105 3780 et
2128 3727 2218 3785 simul
2241 3726 2323 3785 iudi-

477 3823 576 3898 cium,
609 3839 647 3877 an
660 3814 805 3880 Pontifex
819 3816 911 3881 Rom.
927 3818 1008 3900 apud
1020 3818 1176 3881 Caesarem
1190 3819 1371 3881 accusandus
1388 3824 1439 3883 sit.

316 3952 372 4015 16
424 3951 567 4033 Princeps
579 3948 700 4012 Elector
715 3953 828 4015 indicat
843 3954 880 4015 de
895 3950 1122 4016 Rei'ormatione
1139 3952 1375 4035 Witebergensi.

424 4082 597 4167 Spoletinus
612 4086 756 4150 munitur.

321 4223 378 4286 18.
406 4204 564 4280 'Vocatur
577 4215 756 4279 Melanthos
774 4238 790 4277 a
805 4213 892 4277 Duce
906 4214 1135 4299 Wiirtemberg.

425 4351 551 4415 Enarrat
563 4349 712 4413 Electram
727 4347 901 4433 Sophoclis.

316 4491 376 4554 20.
426 4485 581 4550 Pontanus
598 4486 843 4547 reformationem
855 4480 1032 4565 Witeberg.
1047 4483 1180 4548 defendit
1194 4485 1332 4575 adversus
1346 4482 1494 4550 Electoris
1506 4464 1672 4552 censuram.

319 4619 378 4685 26.
427 4619 552 4684 Enarrat
564 4623 599 4681 in
612 4619 715 4682 schole
729 4638 847 4680 carmen
861 4610 967 4680 Ioach.
984 4614 1188 4685 cammerarii.

294 4851 382 4915 Febr.
428 4845 556 4912 beante
568 4845 658 4909 Febr.
673 4844 823 4926 prodeunt
838 4846 1037 4935 enarrationes
1051 4850 1168 4931 aliquot
1184 4848 1331 4908 librorum
1348 4845 1528 4909 Ethicorum
1537 4894 1546 4929 ,
1573 4869 1646 4932 quas
1659 4848 1738 4911 dicat
1752 4845 1892 4909 Ametao
1908 4844 2053 4911 Burenio.
2070 4838 2073 4843 ’

349 4992 383 5052 7.
431 4982 563 5049 Censura
577 4977 761 5060 Landgrarii
774 4990 804 5039 et
818 4978 882 5037 eius
896 4973 1126 5060 Theologorum
1139 4980 1176 5042 de
1190 4978 1419 5045 Reformatione
1432 4979 1603 5061 Witeberg.

321 5124 378 5188 17.
431 5114 520 5180 Iussu
532 5108 681 5194 Principis
698 5111 944 5172 deliberationem
955 5090 993 5173 de
1006 5115 1221 5178 instauratione
1237 5113 1441 5179 Ecclesiarum
1457 5117 1546 5178 vertit
1560 5117 1594 5176 in
1610 5074 1744 5198 lingnam
1757 5112 1892 5182 latinam.
1918 5151 1970 5164 -
2003 5115 2098 5180 Mittit
2111 5120 2276 5178 oraticnem
2292 5116 2329 5175 ds

482 5216 609 5280 Basilio.

296 5352 388 5418 Mart.
431 5336 560 5416 Ineunte
573 5346 684 5419 Martio
700 5343 854 5427 Theolcgi
868 5343 989 5417 Witeb.
1003 5330 1185 5434 respondent
1198 5353 1237 5416 ad
1250 5373 1404 5418 censuram
1418 5337 1612 5434 Landgravii.

351 5488 385 5555 6.
432 5487 585 5553 Praefatur
601 5486 635 5548 in
652 5479 744 5546 Τοιιι.
759 5475 787 5542 I.
809 5502 935 5563 operum
946 5486 1067 5551 latinor.
1082 5481 1224 5548 Lutheri.
