4868 6420
759 258 1195 380 urrsronauuu

949 515 951 519 ·
1050 480 1156 550 alut.

1006 571 1177 603 Μ

188 309 262 382 135

190 480 257 553 No.
276 481 387 551 3213.

197 577 369 605 Μ

577 679 617 763 Ι.
639 681 783 767 lonae.

263 840 348 911 Epist.
374 838 421 892 lib.
443 837 492 919 ΙΙΙ.
510 855 536 907 p.
557 837 615 890 170.
643 836 719 902 (edit.
740 835 825 892 Lond.
846 835 894 892 lib.
917 835 973 917 ΙΙΙ..
988 854 1031 906 ep.
1052 834 1116 902 96.).
1151 864 1184 875 -

295 906 467 1046 appglpapgrg
486 924 514 958 m
540 906 603 961 cod.
628 905 712 959 Goth.
732 905 789 960 191.
813 927 839 976 p.
857 906 900 962 80.
921 915 948 959 et
966 923 994 957 111
1012 904 1076 959 cod.
1100 902 1182 957 Goth.

534 1119 672 1193 Iusto
696 1119 852 1192 Ionae.
952 1124 956 1132 ’

194 1237 242 1325 S.
267 1254 312 1328 D.
364 1251 509 1348 Opinor
522 1278 578 1323 me
596 1255 662 1325 tibi
680 1257 755 1324 riro
773 1227 924 1346 sapieisti
946 1271 979 1326 ct
997 1253 1187 1346 perspicaci

195 1372 312 1427 totum
325 1380 398 1426 esse
413 1375 644 1449 perspectum,
659 1381 739 1448 cum
756 1381 868 1425 annos
884 1357 954 1424 iam
972 1356 1040 1424 XX
1058 1357 1095 1421 iu
1112 1379 1186 1422 rna-

195 1461 372 1529 ximarum
405 1482 524 1527 rerum
548 1457 865 1528 deliberationibus
895 1455 1028 1535 †una''
1058 1456 1187 1525 versati

198 1563 324 1644 simus,
348 1582 389 1629 ac
408 1562 555 1629 sortasse
575 1560 694 1650 plures
709 1559 848 1636 modios
863 1559 945 1626 salis
958 1582 1029 1627 una
1043 1559 1187 1627 absum-

195 1663 380 1755 pserimus.
431 1659 504 1728 Nec
520 1681 598 1729 amo
620 1660 889 1743 occultationes,
914 1683 978 1728 nec
1000 1671 1085 1750 puto
1109 1660 1199 1734 lau-,

197 1768 278 1841 dem
311 1786 384 1831 esse
416 1762 607 1852 sapientiae
634 1762 765 1831 amicos
791 1762 922 1833 fallere.
984 1758 1104 1847 Quare
1130 1784 1186 1827 rue

198 1866 342 1959 quidem
372 1863 438 1932 tibi
466 1887 604 1955 semper
632 1862 889 1953 simplicissime
915 1863 1048 1952 aperui.
1110 1859 1185 1929 lmo

198 1964 372 2045 †erolvi''
398 1977 512 2032 toturn
546 1977 686 2055 pectus,
719 1977 755 2032 et
781 1964 899 2030 onmia
928 1963 1119 2032 domestica
1152 1976 1187 2031 et

198 2069 340 2160 publiea
371 2067 465 2156 apud
490 2076 523 2132 te
546 2067 722 2157 deponere
743 2064 868 2132 solitus
890 2059 1029 2155 sum').
1094 2060 1186 2150 Cum

201 2171 310 2257 igitur
329 2191 385 2234 me
405 2167 520 2245 noris,
543 2189 663 2235 causas
683 2165 816 2235 silentii
829 2166 915 2233 alias
929 2189 1002 2233 non
1025 2166 1187 2258 quaerito

199 2285 338 2362 praeter
364 2291 441 2351 eas,
474 2291 561 2358 quae
586 2269 785 2359 impediunt
809 2266 922 2335 officia
955 2267 1188 2336 amicissimo-

198 2381 298 2442 rum:
327 2384 387 2440 aut
410 2369 673 2458 occupationes,
704 2383 764 2436 aut
785 2367 1188 2460 moestitiam‘aliquam.

198 2475 329 2543 Sumus
349 2466 512 2539 homines
528 2486 560 2539 et
574 2468 730 2538 Graecus
746 2492 866 2537 versus
883 2463 969 2538 mibi
989 2470 1024 2536 in
1043 2494 1104 2537 ore
1122 2485 1187 2538 est:

200 2571 257 2668 ἄρ’
285 2568 360 2643 ἐστὶ
382 2564 557 2670 συγγενὲς
578 2563 710 2661 11111111]
723 2566 787 2640 καὶ
807 2564 901 2662 βίος.
954 2569 1029 2640 Deo
1045 2571 1189 2640 iuvante

201 2673 435 2747 constantiam
457 2672 629 2741 amicitiae
651 2672 690 2740 in
713 2665 779 2760 hac
795 2671 866 2741 vita
884 2673 1086 2762 praestabo,
1111 2697 1189 2763 spe-

199 2800 312 2870 roque
327 2777 501 2858 futurum,
518 2787 609 2842 ntea
628 2773 664 2839 in
681 2785 821 2841 aeterna
837 2773 1092 2841 consuetudine
1108 2774 1190 2843 dul-

200 2881 277 2949 cius
296 2878 468 2946 fruamur.
518 2873 608 2944 Nam
626 2867 715 2942 mihi
730 2875 836 2943 breve
855 2875 1070 2942 curriculum
1084 2887 1191 2944 restat
1209 2926 1212 2939 ,

199 2984 246 3051 ad
263 2992 425 3050 mortem.
474 2973 547 3044 Diu
570 2970 663 3043 nihil
683 2976 824 3066 scripsi,
850 2989 884 3045 et
907 2975 988 3067 quia
1006 2999 1110 3044 nemo
1125 2976 1190 3044 tla-

201 3081 326 3172 gitarit
348 3079 486 3162 literas,
520 3090 554 3147 et
573 3076 656 3168 quia
681 3090 714 3147 te
736 3075 878 3167 Repub.
901 3070 995 3144 nihil
1016 3072 1190 3161 habebam

201 3178 417 3278 ἃξίολογον,
442 3204 481 3249 ac
503 3203 549 3248 ne
572 3201 667 3247 nunc
682 3178 824 3269 quidem
842 3172 976 3262 habeo,
1002 3178 1065 3245 etsi
1089 3202 1191 3270 saepe
1237 3200 1242 3215 ‘

202 3312 244 3356 ex
268 3284 356 3354 urbe
375 3277 416 3354 V
414 3277 616 3373 angiorum
640 3279 759 3349 literas
779 3279 923 3368 accipio.
974 3277 1087 3349 Rirae
1109 3294 1192 3349 sunt

201 3391 245 3457 de
277 3383 409 3473 iudicio
427 3381 612 3465 Gamerae,
643 3373 745 3474 †ut”
765 3381 809 3447 de
832 3381 958 3448 arbore
972 3374 1193 3475 Marcolplri

147 3476 149 3484 ⁸
201 3476 388 3582 utrinque3
414 3481 492 3555 Etsi
508 3505 570 3572 ego
585 3481 728 3577 quidem
745 3481 788 3547 de
804 3472 861 3547 his
876 3479 1034 3549 consiliis
1049 3505 1120 3550 non
1135 3483 1192 3549 iu·

204 3593 304 3676 dico,
328 3601 447 3658 tamen
467 3585 539 3656 scio
560 3581 778 3653 adversarios
794 3579 896 3650 verae
914 3582 1094 3651 doctrinae
1113 3597 1192 3652 tan-

203 3708 282 3765 tum
296 3694 340 3758 de
355 3691 433 3756 luce
447 3682 634 3774 Evangelii
648 3683 903 3770 extinguenda,
930 3695 964 3750 et
978 3682 1192 3752 interficien-

206 3794 261 3862 dis
285 3790 450 3859 0mnibus
472 3788 641 3876 cogitare,
664 3785 822 3878 quinon
847 3785 1040 3854 ostendunt
1061 3808 1096 3853 se
1121 3807 1193 3853 esse

204 3892 325 3965 hostes
346 3913 448 3959 verae
478 3889 670 3959 doetrinae.
726 3882 902 3967 †llorum
923 3885 1056 3954 malitia
1088 3887 1193 3956 etiam

205 3997 295 4068 alios
315 3978 397 4063 iecit
415 3991 587 4061 duriores.
599 3989 614 4012 '³
662 3986 732 4057 Sed
747 3983 824 4054 Deo
847 3982 935 4056 haec
956 4010 1058 4055 curae
1079 3990 1196 4061 erunt.

204 4098 303 4167 Bene
327 4095 415 4166 vale.
468 4090 534 4161 Die
561 4089 756 4159 dulcissimi
777 4109 982 4176 congressus
1005 4086 1140 4157 Mariae
1164 4101 1197 4156 et
1245 4092 1251 4111 '

205 4197 341 4270 Elizab.
368 4210 402 4264 et
428 4194 581 4262 aliorum
606 4189 774 4273 Piorum,
809 4190 871 4280 qui
895 4213 960 4255 nos
992 4190 1036 4254 de
1067 4191 1198 4260 nostris

207 4295 519 4389 etiam'colloquiis
534 4293 736 4362 admonent.
790 4287 897 4360 Anno
919 4286 1029 4360 1545.

211 4533 392 4544 ...ae--u--uu
399 4523 777 4539 ΨΜ

206 4698 276 4769 Νο.
294 4691 404 4764 3214.

210 4790 384 4820 Μ

1021 4773 1192 4802 Ἢν

556 4889 611 4971 Ν.
645 4885 844 4969 Mediam.

277 5064 401 5117 Primum
422 5054 493 5109 edita
512 5072 527 5106 a
545 5048 651 5105 Manlio
672 5068 699 5120 p.
722 5047 799 5109 272.;
816 5046 915 5100 iterum
936 5044 1057 5099 aPezel.
1078 5063 1137 5116 epp.
1152 5045 1198 5101 111.

310 5149 352 5200 ep.
370 5128 413 5186 88.
431 5134 457 5178 et
475 5124 504 5175 in
523 5117 666 5175 Sebamelii
687 5116 840 5181 Numburg.
867 5116 964 5167 literat.
988 5112 1052 5167 vot.
1068 5113 1088 5168 l.
1128 5113 1196 5168 Ab.

309 5192 470 5268 Apograpba
483 5192 511 5244 in
526 5188 663 5244 cod.Bar.
676 5187 696 5239 1.
710 5181 812 5254 plat,
829 5201 858 5235 es
872 5200 927 5252 quo
940 5182 1014 5235 illam
1029 5181 1102 5235 dedit
1136 5201 1195 5238 anz.

207 5351 432 5374 Μ

241 5459 272 5525 *)
291 5457 361 5510 eod.
376 5449 532 5505 Gorbeus.
550 5449 634 5499 soleo.

209 5531 392 5606 ttlaiaarn.
405 5531 509 5594 011111.
536 5525 621 5588 Vos..
632 5522 676 5587 V.

1252 303 1359 382 LlB.
1397 303 1461 384 lx.
1512 304 1647 381 1545.
2152 240 2228 380 tab

1339 469 1681 595 310111111114ἆ1111111111111111
1699 488 1739 542 ep.
1754 471 1812 539 511,
1838 473 1899 528 eod.
1912 471 1996 544 Lang.
2012 490 2040 544 p.
2052 471 2103 528 ab,
2124 481 2151 526 et
2161 445 2223 529 coil.

1237 687 1460 764 Clarissimo
1478 694 1571 776 siro,
1596 672 1797 766 eruditione
1817 705 1849 765 et
1867 697 1994 768 virtute
2007 697 2226 794 praestanti,
2265 731 2267 736 ¹

1237 792 1291 868 D.
1318 792 1368 868 N
1371 795 1524 866 icolao
1540 795 1597 866 M
1598 822 1614 867 e
1624 794 1773 889 diere,
1796 798 1943 894 pastori
1966 797 2131 868 eeclesiae
2149 796 2228 868 Dei

1391 898 1430 967 in
1457 895 1591 995 oppido
1616 895 1841 994 Naoburgo‚
1868 899 1987 970 amico
2012 924 2090 974 suo.

1238 1008 1281 1096 S.
1308 1026 1354 1102 Ι).
1404 1028 1605 1099 Clarissimo
1626 1028 1780 1099 Domine
1802 1027 1953 1116 Ductor,
1978 1045 2013 1101 et
2035 1032 2145 1103 amice
2168 1057 2227 1103 ca-

1237 1130 1383 1198 rissime.
1435 1128 1510 1199 Etsi
1527 1132 1617 1213 scio,
1634 1132 1700 1201 tibi
1715 1157 1788 1200 non
1812 1134 1929 1200 deesse
1945 1133 2152 1216 consilium,
2171 1147 2225 1202 ta-

1239 1254 1319 1300 men
1342 1253 1406 1320 pro
1436 1246 1557 1301 nostra
1580 1233 1732 1301 amicitia
1753 1233 1979 1302 scribendum
2003 1229 2129 1312 †tibi'‘
2153 1257 2225 1304 esse

1239 1333 1325 1401 eluxi
1360 1335 1403 1400 de
1427 1334 1653 1402 contentione
1681 1334 1773 1403 inter
1799 1348 1833 1403 te
1860 1347 1893 1403 et
1916 1328 2111 1426 Morum¹)
2138 1349 2226 1404 orta.

1239 1433 1320 1501 Non
1337 1433 1421 1501 novi
1435 1435 1550 1503 sontes
1564 1435 1696 1521 negotii
1703 1460 1712 1517 3
1732 1448 1895 1503 naturam
1903 1432 2002 1503 Mori
2016 1436 2113 1507 novi.
2140 1434 2225 1505 ldeo
2260 1426 2264 1438 ’

1240 1535 1305 1603 11111
1328 1535 1493 1619 consulo,
1519 1558 1662 1626 prorsus
1684 1549 1724 1604 ut
1738 1531 1831 1603 nihil
1849 1537 1981 1605 scribas
1996 1550 2117 1606 contra
2132 1561 2225 1610 eum.

1239 1634 1277 1703 si
1299 1659 1354 1704 res
1379 1651 1607 1724 cognoscetur
1628 1649 1808 1728 praesente
1826 1628 2023 1730 Crucigero
2046 1640 2226 1707 moderate

1238 1737 1353 1819 dicas,
1379 1761 1468 1829 quae
1488 1760 1627 1807 necesse
1653 1752 1704 1807 est
1721 1737 1803 1810 dici.
1854 1733 2039 1807 Caeterum
2063 1763 2141 1807 cum
2162 1739 2224 1807 illo

1239 1833 1384 1907 homine
1406 1832 1499 1905 nihil
1520 1839 1721 1909 contendas.
1784 1836 1950 1907 Nostram
1972 1839 2154 1930 epistolam
2181 1841 2226 1908 ad

1239 1938 1384 2007 Morum
1410 1939 1479 2008 tibi
1502 1940 1623 2023 mitto,
1653 1939 1759 2008 etiam
1780 1940 1825 2008 de
1847 1936 2009 2011 Rectoris
2041 1941 2225 2012 sententia.

1239 2039 1308 2109 Sed
1328 2039 1424 2107 Mori
1450 2040 1632 2130 epistolam
1654 2040 1834 2111 noluimus
1851 2039 2016 2132 cuiquam
2033 2043 2226 2125 ostendere,

1240 2165 1329 2232 quae
1350 2140 1496 2232 quidem
1519 2141 1628 2229 magis
1649 2140 1718 2232 ipsi
1732 2139 1838 2211 Moru
1856 2165 1983 2210 nocere
1992 2156 2116 2232 posset
2131 2143 2232 2233 apud.
2283 2166 2294 2173 ·

1241 2244 1448 2331 prudentes,
1466 2267 1571 2334 quam
1587 2242 1665 2314 tibi.
1715 2240 1811 2326 Scis,
1835 2266 1891 2310 me
1908 2266 1983 2310 non
1998 2244 2122 2310 rudem
2138 2245 2226 2312 tiro-

1242 2367 1321 2411 nem
1343 2365 1416 2411 esse
1434 2343 1472 2410 in
1495 2338 1560 2411 hac
1575 2341 1707 2410 milicia
1722 2343 2227 2428 tolerandaruminiuriarum,

1243 2468 1305 2512 nec
1320 2468 1374 2512 me
1391 2445 1546 2533 poenitet
1560 2443 1755 2513 multorum
1770 2444 2008 2514 dissimulasse
2023 2458 2056 2513 et
2067 2445 2227 2512 obruisse

1242 2545 1381 2615 silentio
1417 2543 1669 2614 insulsissimus
1705 2544 1907 2614 calumnias.
1972 2540 2021 2615 Et
2062 2547 2227 2615 omuibus

1242 2646 1361 2714 amicis
1378 2647 1472 2714 idem
1485 2648 1531 2713 do
1549 2645 1757 2729 consilium,
1788 2646 1872 2736 quia
1887 2642 1983 2714 Deus
1998 2646 2134 2735 profert
2148 2661 2229 2716 tan·
2306 2676 2314 2682 ·

1242 2749 1322 2816 dem
1341 2771 1441 2830 vera,
1467 2759 1502 2815 et
1523 2746 1680 2815 defendit
1703 2768 1781 2828 eos,
1806 2747 1869 2837 qui
1890 2760 2036 2836 propter
2049 2748 2231 2837 publicam

1244 2847 1430 2916 utilitatem
1462 2847 1620 2936 privatae
1655 2846 1858 2915 iracundiae
1896 2847 2016 2915 frenos
2049 2846 2228 2930 iniiciunt.

1243 2948 1340 3016 Bene
1359 2949 1437 3016 vale
1463 2962 1498 3017 et
1518 2947 1682 3018 rescribe.
1708 2945 1844 3017 ‘Datae
1867 2948 1923 3016 die
1945 2948 2127 3015 laetissimi
2143 2973 2229 3016 con·
2301 2949 2303 2953 ’

1243 3072 1379 3139 gressus
1394 3047 1530 3117 Mariae
1547 3060 1580 3116 et
1595 3044 1796 3132 Elisabeth,
1821 3071 1915 3118 anno
1928 3041 2024 3118 1545
2035 3046 2081 3141 ²).

1245 3241 1450 3255 Μ

1279 3357 1306 3418 l)
1326 3355 1482 3474 suppressit
1496 3354 1617 3409 Perelius
1630 3353 1658 3407 in
1678 3364 1733 3410 tota
1748 3354 1859 3425 epistola
1873 3373 1974 3408 nomen
1988 3354 2074 3416 Mori,
2093 3357 2167 3424 quod
2182 3377 2232 3411 ve-

1312 3443 1344 3475 ro
1381 3422 1469 3490 egitur
1494 3433 1520 3477 et
1547 3425 1573 3476 in
1600 3422 1705 3476 Manlio
1730 3424 1803 3476 etin
1826 3423 1974 3477 codicibus.
2016 3423 2046 3474 ln
2067 3425 2118 3477 hoe
2136 3427 2231 3480 codice

1313 3491 1407 3544 basari
1430 3492 1565 3544 adiectum
1592 3499 1631 3544 est
1653 3491 1767 3559 solium,
1790 3491 1961 3562 quodetiam
1982 3492 2146 3564 descriptum
2167 3493 2232 3564 legi·

1313 3571 1358 3611 tur
1377 3560 1405 3611 in
1427 3557 1676 3630 coacerbaret„
1693 3560 1759 3614 baec
1778 3558 1893 3613 babenss

1344 3660 1410 3733 „Es
1428 3659 1513 3717 literis
1531 3660 1572 3713 Μ.
1590 3660 1755 3781 81ἷ111111111111
1774 3661 1939 3714 Seboersket
1953 3663 1986 3714 ad
2005 3663 2045 3719 M.
2063 3662 2211 3720 ilenrieum

1637 3732 1739 3782 abram
1759 3728 1792 3782 de
1810 3729 1928 3783 Moro.”

1350 3814 1513 3880 „Iudicium
1534 3815 1620 3867 Dum.
1642 3815 1767 3879 Philippi·
1785 3814 1817 3867 de
1833 3814 2001 3884 Aethiope*)
2021 3819 2164 3888 perscripsi
2184 3839 2234 3874 co·

1317 3918 1336 3947 ‚‚
1346 3884 1419 3953 piore
1433 3883 1466 3935 ad
1478 3882 1727 3947 Strsitpergerum.
1754 3881 1901 3935 Tribuebat
1915 3885 1943 3934 in
1959 3884 2162 3940 melancholiam
2179 3908 2235 3943 non

1316 3951 1432 4020 „minus
1453 3950 1584 4004 furiosam
1606 3961 1631 4002 et
1650 3950 1786 4017 adustam,
1805 3958 1830 4001 et
1851 3968 1919 4019 quae
1942 3969 1998 4004 non
2018 3955 2108 4006 minus
2128 3957 2160 4008 sit
2176 3978 2233 4011 me·

1318 4020 1452 4086 „tuenda²
1470 4020 1491 4071 si
1506 4020 1635 4086 irritetur,
1654 4018 1871 4087 quam’Doctoris
1884 4019 2076 4086 tacobetsitssp.
2111 4023 2144 4075 Et
2157 4027 2235 4078 thra-

1318 4087 1468 4155 „souieam
1480 4088 1634 4158 superbiam
1647 4105 1680 4139 ac
1692 4085 1844 4139 iactantiam
1859 4087 1983 4140 comitari
1997 4090 2061 4141 tales
2073 4101 2178 4147 naturas
2190 4114 2237 4148 re·

1318 4154 1481 4226 „gulariten
1517 4154 1616 4208 Omnis
1627 4154 1699 4206 eninr
1714 4152 1940 4218 melancholicus,
1958 4154 2062 4225 inquit,
2078 4162 2237 4228 regulariter

1318 4226 1473 4294 „superbus
1488 4233 1541 4289 est,
1560 4231 1586 4274 et
1598 4240 1653 4292 quo
1665 4221 1841 4292 irregularior
1862 4232 1901 4274 est
1914 4224 2107 4291 melancholia,
2128 4247 2159 4279 eo
2175 4249 2235 4282 rna-

1320 4330 1338 4359 „
1348 4292 1389 4362 111
1409 4303 1449 4345 est
1466 4291 1650 4361 irregulariter
1665 4291 1806 4360 superbus.
1841 4288 1934 4356 Quare
1948 4291 2055 4345 silentio
2070 4303 2096 4346 et
2107 4298 2237 4376 patientia

1321 4360 1515 4428 „vincendum
1537 4377 1594 4410 esse
1614 4357 1704 4412 suasit.
1739 4358 1873 4410 Futurum
1887 4357 1958 4410 enim
1973 4377 2046 4432 esse,
2065 4373 2093 4413 ut
2107 4382 2163 4432 rpse
2182 4385 2238 4420 sese

1322 4449 1396 4495 „sua
1417 4427 1589 4498 pudeiaeeret
1610 4437 1636 4478 et
1656 4426 1837 4479 confunderet
1858 4426 1985 4479 amentia.
2023 4430 2054 4482 lu
2076 4428 2158 4483 literis
2173 4452 2238 4503 quas

1321 4497 1557 4569 „Streitpergcro
1577 4494 1671 4552 mitto,
1689 4493 1757 4547 nibil
1777 4504 1834 4559 est,
1859 4493 1932 4563 quod
1953 4494 2092 4550 occultum
2116 4518 2172 4552 esse
2193 4522 2240 4555 ve·

1320 4566 1403 4638 „linu
1440 4560 1532 4630 Quare
1553 4561 1684 4614 exhibebit
1703 4563 1751 4615 tibi
1773 4580 1817 4615 eas
1836 4580 1892 4614 non
1909 4560 2030 4632 invitus,
2046 4574 2074 4616 ut
2087 4585 2181 4636 spero,
2200 4573 2239 4623 le.

1319 4633 1461 4705 „gendas,
1477 4631 1498 4682 si
1514 4640 1603 4701 petes,
1623 4631 1704 4698 idque
1717 4629 1933 4700 adscripsissem,
1950 4630 1973 4682 si
1989 4632 2144 4687 venissetis
2159 4656 2239 4690 men-

1320 4713 1400 4771 „tem
1418 4711 1561 4767 antequam
1582 4697 1800 4767 obsignarentur.
1836 4699 1927 4750 Deum
1948 4717 2062 4774 precor,
2088 4712 2117 4754 ut
2137 4706 2170 4760 ab
2192 4705 2239 4760 illo

1319 4779 1471 4842 „monstro
1486 4786 1535 4820 ros
1548 4774 1574 4818 et
1587 4767 1728 4821 ecclesiam
1740 4767 1845 4821 liberet.
1853 4766 1870 4799 ''
1888 4795 1923 4806 -
1996 4803 2005 4810 ,

1284 4867 1421 4937 11111111.
1440 4867 1514 4920 1547.
1534 4867 1673 4919 mendose.

1254 5010 1461 5028 ’.ιιι-...0.

1352 5095 1382 5158 >l)
1401 5093 1454 5146 11.
1467 5099 1546 5146 Mero.

1347 5177 1394 5244 *¹l‘)
1412 5184 1460 5227 lac.
1472 5177 1619 5225 Schenclrii?
