4882 6426
89 295 167 370 289

14 518 21 525 ·
90 465 224 562 octftebe
240 468 284 563 id)
300 470 391 562 nictyt.
437 463 625 563 ‘fficcbolbm
639 471 705 547 att
726 470 769 562 id)
782 467 851 559 ena>
866 490 945 563 quq
962 471 1088 562 fccucb=

93 570 149 665 ut)
172 575 239 646 oab
263 570 370 666 fleittq
393 574 517 666 gebeton
542 574 663 667 bohen,
686 572 949 667 ttetesummu
964 571 1087 664 bitom:

93 674 182 770 cett),
206 695 261 747 um
285 675 377 764 culte
398 677 481 749 betta
496 675 650 770 &emittm
667 678 791 763 mittem
816 675 866 765 ibt
886 677 992 748 motet
1016 673 1085 765 eccl)

92 776 174 866 uidt
189 794 253 849 occ
269 777 466 868 mitellita,
482 778 542 873 cof
552 781 613 872 bol
630 780 680 873 ibt
697 775 989 860 consecutiones
1007 773 1087 869 aiot

28 901 34 908 ·
89 900 129 973 qu
144 878 218 971 bod)
235 878 293 971 out
307 877 377 969 eud)
392 882 493 967 tebet,
519 884 582 954 unt
605 880 741 955 buslibet
757 901 826 973 qum
840 880 950 973 &tutet
972 877 1087 975 fobcct,

91 983 150 1056 cole
164 988 228 1055 out
244 983 385 1054 benetie
401 983 712 1075 gcmciucudtaupcl
728 981 815 1076 stetig
830 1002 960 1057 uocum
969 1031 980 1068 ,
1005 983 1086 1053 benc

93 1082 383 1176 mcctllctbeifiuug
407 1083 445 1172 tu
465 1103 523 1158 coc
546 1085 602 1177 tid>
624 1084 709 1177 [ubst
731 1087 781 1158 ein
799 1085 1019 1171 &deomena
1044 1083 1084 1156 ob

90 1189 145 1281 ibt
168 1184 236 1279 eud)
264 1185 357 1279 glut)
383 1205 479 1279 chm
500 1189 578 1278 mitt)
601 1188 681 1280 nictu
702 1188 735 1278 [o
757 1187 831 1279 bod>
852 1181 903 1261 'ota
925 1184 968 1284 id)
988 1206 1086 1279 gcqm

92 1290 163 1382 cett)
176 1287 353 1363 oecbunbcn
367 1288 469 1381 babet.
520 1289 600 1381 boa
613 1290 665 1383 ibt
682 1290 755 1362 obet
772 1307 836 1364 ocu
855 1290 918 1362 mit
941 1288 1085 1382 beqcbcct

90 1395 155 1465 ciue
176 1391 295 1485 gemine
312 1392 466 1465 ttnttoott
489 1393 690 1484 ouquqetqm,
714 1398 788 1465 tout
812 1390 853 1485 ta)
872 1413 910 1485 31¹
933 1391 1014 1484 tbun
1035 1411 1085 1483 gc:

89 1495 191 1586 ficret
207 1494 265 1584 tei,
291 1493 373 1566 toan
388 1491 431 1586 ta)
449 1495 517 1584 eud)
534 1498 634 1586 utqtt
651 1497 768 1568 enteca
782 1502 980 1581 ontuoctm,
1004 1497 1084 1565 beno

69 1599 152 1670 tot
178 1596 221 1688 id)
244 1593 319 1684 llctt
340 1605 547 1688 geoutcocctct
578 1598 675 1691 bobo,
708 1599 773 1671 unt
802 1595 915 1690 [cluet
938 1616 976 1688 aa
1003 1593 1084 1686 tbuu

66 1699 166 1790 ‘nom
183 1697 320 1792 gmqttd)
333 1697 469 1792 gestaret
489 1700 554 1773 bin.
604 1701 690 1775 933αὸ
711 1701 754 1793 td)
779 1697 854 1774 cbcc
875 1702 933 1772 mit
955 1699 1084 1770 meimet

89 1802 198 1878 §satec
213 1802 318 1874 mitet
334 1798 468 1890 barbelo
482 1805 601 1887 meree,
624 1803 680 1892 fou
696 1800 764 1892 eud)
780 1799 937 1897 [dclftlicb
952 1801 1011 1891 tuf
1022 1803 1083 1873 bot

91 1900 243 1991 cttccccstc
256 1904 348 1996 bucol)
365 1901 497 1996 aarum
511 1903 656 1991 &ermon
672 1905 833 1997 angeaetgt
847 1905 969 1979 metten
978 1953 989 1990 ,
1005 1906 1085 1978 beno

89 2008 173 2080 meio
187 2005 295 2081 dictet
307 2004 522 2098 botbccteibet
538 2006 611 2098 nod)
629 2004 728 2099 ntqtt
745 2007 804 2079 mit
820 2006 1017 2080 aristotton
1037 2024 1086 2097 gc:

91 2112 183 2183 tebet.
234 2109 426 2199 domiuus
441 2106 692 2201 dlottbcfobtm.
742 2105 869 2201 dictitet
883 2126 947 2181 ocu
959 2110 1086 2181 metuet:

91 2230 198 2304 magea
224 2231 317 2285 cutm
334 2210 439 2285 ttlotcc
460 2216 524 2283 aab
550 2208 691 2285 bitetten
745 2209 871 2283 batum
886 2209 1085 2303 tbittcubccg

91 2333 146 2387 oct
164 2313 222 2387 14.
238 2318 311 2406 dog
329 2312 487 2396 Souuocit
501 2311 597 2386 llum
618 2309 727 2387 1544.
1024 2308 1027 2315 ’

628 2416 805 2509 {lhilipput
830 2413 1036 2508 litletombou.

659 2547 665 2562 1

925 2719 1060 2789 16.1an.

908 2810 1081 2838 Μ

433 2869 477 2956 C.
508 2869 746 2952 Pannonio.
783 2935 815 2975 „

192 2998 279 3071 Epist.
293 2997 337 3052 lib.
349 2996 383 3049 V.
400 3016 427 3068 p.
439 2997 492 3052 256
505 3016 547 3069 sq.
705 2984 708 2989 ⁴

87 2721 157 2793 No.
173 2716 289 2795 2848.

99 2815 272 2844 Μ

193 3130 540 3239 Christophoro
561 3134 748 3234 PreySS,
771 3133 982 3212 Pannonio.

88 3271 132 3367 S.
157 3289 203 3362 D·
261 3287 370 3382 Apud
401 3290 627 3373 Herodotum
665 3290 784 3383 inquit
823 3287 902 3360 Rex
935 3285 1082 3357 Darius:

91 3393 150 3467 ὅτι
168 3386 369 3488 κτημάτων
392 3387 546 3468 πάντων
562 3388 639 3464 ἐστὶ
654 3385 880 3485 τιμιώτατον
896 3384 992 3485 ἀνὴρ
1018 3385 1081 3485 φί-

90 3505 153 3580 λος
175 3489 327 3577 συνετός
347 3522 387 3567 τε
410 3494 474 3568 καὶ
495 3495 633 3576 εὔνοος.
687 3494 741 3564 Te
763 3496 872 3585 igitur
892 3487 1019 3564 merito
1048 3507 1082 3564 et

90 3627 172 3673 amo
186 3615 221 3673 et
235 3600 327 3669 lacio
343 3600 507 3692 plurimi,
531 3600 632 3668 cuius
649 3611 684 3667 ct
697 3620 777 3687 erga
794 3621 850 3664 me
865 3596 1082 3666 benevolen-

87 3707 176 3777 tiam
192 3716 227 3774 et
244 3703 469 3794 prudentiam
494 3721 534 3772 ac
547 3701 658 3771 animi
675 3699 954 3769 moderationem
980 3723 1082 3791 saepe

87 3808 262 3902 perspexi.
296 3804 404 3894 Quod
420 3805 511 3874 affici
528 3818 561 3874 te
577 3828 654 3872 meo
673 3802 808 3892 ingenti
824 3803 946 3872 dolore
961 3814 1082 3872 osten·

88 3912 193 3994 disti,
225 3907 339 3981 habeo
369 3908 436 3978 tibi
463 3908 622 4004 gratiam.
680 3903 728 3975 Et
749 3906 919 3998 quoniam
940 3904 1082 3974 virtutis

89 4029 211 4086 caussa
236 4012 303 4083 scis
327 4010 498 4080 amicitias
522 4010 686 4078 colendas
702 4030 793 4091 esse,
818 4031 940 4098 spero,
965 4018 999 4076 te
1014 4001 1081 4075 hoc

85 4142 167 4189 meo
187 4115 282 4186 tristi
306 4127 463 4203 tempore
486 4137 560 4180 non
586 4111 803 4202 abiecturum
823 4123 976 4179 veterem
1002 4130 1081 4196 erga
1180 4171 1187 4187 ,

87 4245 145 4290 me
167 4217 465 4289 benevolentiam,
485 4230 594 4287 tuam.
653 4212 756 4282 Meos
776 4212 842 4281 tibi
873 4212 1083 4280 commendo

90 4337 126 4393 et
146 4320 295 4392 consilio
322 4334 382 4391 tuo
407 4319 577 4408 regendos
595 4330 628 4384 et
644 4317 824 4404 tegendos.
875 4313 964 4383 Misi
988 4308 1084 4383 hunc

88 4424 264 4496 nuncium
280 4413 581 4503 Francofordiam,
607 4420 647 4487 ut'
662 4417 777 4486 voluit
793 4411 972 4487 Sabinus.
1012 4414 1083 4486 Sed

92 4529 177 4622 quia
190 4524 408 4607 dubitabam,
425 4547 469 4591 an
484 4523 564 4592 istic
580 4544 677 4589 nunc
690 4533 795 4604 esset,
811 4520 855 4587 ad
870 4531 905 4588 te
920 4519 1085 4587 accedere

92 4631 193 4703 iussi,
245 4628 316 4700 Sed
339 4651 413 4695 non
436 4628 554 4708 adest,
577 4622 761 4691 fasciculos
777 4623 960 4690 literarum
982 4621 1026 4689 ad
1050 4632 1084 4689 te

92 4735 229 4826 recipe,
253 4746 287 4803 et
308 4730 338 4798 ei
354 4729 510 4798 uenienti
534 4725 683 4808 tradite,
708 4723 766 4791 vel
788 4747 868 4793 cum
884 4716 995 4790 habes
1010 4744 1086 4791 ccr-

94 4849 149 4906 tos
171 4832 394 4915 tabellarios,
419 4833 564 4900 adeum
587 4826 730 4896 mittito.
780 4823 999 4916 Magnopere
1022 4847 1086 4893 au-

94 4953 164 5009 tem
181 4950 218 5008 te
233 4960 316 5020 oro,
341 4946 381 5004 ut
407 4959 503 5004 nune
524 4924 615 4999 milti
631 4929 814 5001 rescribas.
865 4922 998 5017 Accepi
1015 4950 1035 4995 a
1052 4938 1086 4994 te

93 5053 213 5111 ternas
230 5039 368 5120 literas,
394 5061 459 5129 pro
475 5034 606 5127 quibus
622 5031 690 5101 tibi
704 5025 768 5099 has
782 5029 935 5120 pagellas
950 5030 993 5098 de
1003 5023 1088 5098 Ari-

95 5135 264 5238 stotele*)
282 5141 395 5212 mitto.
448 5136 563 5207 Valde
579 5159 662 5218 oro,
687 5147 728 5203 ut
741 5128 831 5202 mihi
845 5131 1036 5221 significes,
1059 5129 1088 5199 si

128 5374 161 5442 2¹)
179 5369 278 5428 Oratio
292 5366 360 5423 Mel.
374 5366 407 5418 de
424 5362 587 5426 Aristotele,
608 5378 676 5431 quae
693 5365 732 5440 cst
750 5357 779 5410 in
793 5355 850 5410 eius
864 5351 1092 5437 Declamationib.

165 5452 193 5496 et
205 5438 309 5513 prodiit
329 5456 353 5492 a.
367 5435 457 5495 1544..
475 5431 630 5486 secundum
649 5429 728 5498 Myln
743 5422 907 5496 chronolog.
925 5432 1088 5496 temptorum

97 5510 275 5672 anqqffi
291 5586 397 5651 Oeen.
411 5581 494 5647 Vox.
508 5578 550 5643 V.

673 262 1115 373 nrrsr0Lanuu
1166 296 1273 373 nra.
1300 299 1365 378 1x.
1418 299 1552 379 1544.

2053 314 2131 386 290

1138 472 1224 564 quid
1248 473 1388 559 audies,
1415 476 1560 567 qnando
1583 499 1682 546 meus
1708 501 1815 568 gener
1837 481 2058 572 ingressurus
2083 491 2127 560 sit

1136 575 1213 648 iter.
1263 573 1361 646 Bene
1377 577 1465 647 vale.
1516 575 1584 648 Die
1604 579 1660 653 16.
1678 578 1846 656 Ianuarii.

1650 677 1839 776 Philippus
1854 685 2078 766 Melanthon.

1133 1086 1200 1159 No.
1216 1089 1331 1164 2849.

1140 1186 1312 1214 Q&

1994 1123 2049 1185 18.
2063 1118 2125 1184 len.

1998 1211 2125 1238 Q

1452 1284 1497 1370 V
1494 1291 1555 1368 ito
1586 1288 1821 1376 Theodoro.

1201 1446 1337 1572 Epri‘iciils
1351 1447 1446 1589 ἑνὲὲιο
1457 1449 1507 1504 183
1520 1471 1580 1523 sqq.
1591 1480 1625 1494 -
1650 1453 1702 1509 Hic
1715 1474 1744 1508 ex
1760 1459 1927 1531 autographo
1940 1464 1967 1518 in
1982 1468 2044 1524 cod.
2056 1471 2125 1528 Mo·

1132 1649 1186 1724 D.
1217 1650 1262 1726 V
1263 1653 1330 1725 ito
1364 1650 1628 1739 Theodoro,
1671 1657 1712 1729 in
1743 1657 1915 1739 Ecclesia
1944 1667 2124 1749 Noriber-
2163 1748 2172 1758 ,

1351 1756 1461 1851 gensi
1479 1754 1630 1830 wdocenti
1653 1758 1925 1860 Evangelium,

1132 1873 1176 1964 S.
1202 1891 1247 1963 D.
1298 1892 1384 1983 Vidi
1407 1896 1587 1983 libellum,
1614 1924 1720 1992 quem
1747 1897 1818 1973 huc
1840 1907 1984 1996 misisti,
2011 1923 2125 1990 conti-

1134 2009 1278 2065 nentem
1305 2012 1512 2086 argumenta
1531 2024 1591 2070 seu
1605 1998 1878 2077 rerum‘indices
1893 2009 1932 2079 in
1946 2012 2123 2095 Matthae-
2216 2082 2220 2089 .

1133 2123 1214 2183 um,
1240 2112 1275 2168 et
1289 2113 1432 2189 rogatus
1450 2124 1471 2169 a
1486 2093 1647 2196 Georgia
1659 2098 1829 2176 Rotaria
1849 2112 1984 2204 aliquot
2006 2126 2125 2210 pagel.

1135 2200 1187 2269 las
1203 2201 1336 2270 mutavi
1344 2229 1354 2296 ,²
1387 2200 1466 2272 Etsi
1481 2204 1595 2273 studia
1613 2211 1877 2280 commentandi
1898 2228 1931 2283 et
1947 2220 2124 2296 scribendi

1135 2303 1269 2394 probo,
1295 2328 1378 2373 nam
1403 2305 1606 2375 excitandae
1624 2321 1706 2377 sunt
1729 2323 1862 2380 mentes
1879 2341 2023 2412 quoquo
2046 2351 2125 2398 mo-

1136 2406 1201 2489 do,
1228 2418 1343 2506 tamen
1363 2429 1485 2476 omnes
1501 2432 1567 2476 nos
1583 2409 1646 2501 qui
1668 2412 1871 2500 scribimus,
1897 2419 2030 2494 similes
2054 2453 2126 2502 esse

1136 2505 1240 2575 video
1272 2531 1382 2597 puero
1418 2524 1634 2596 monstrato,
1667 2526 1706 2582 ut
1737 2513 1887 2597 ferunt,
1913 2519 2141 2615 Augustino,

1059 2609 1083 2618 ”
1136 2608 1200 2702 qui
1214 2611 1338 2678 sedens
1353 2610 1392 2678 in
1408 2610 1526 2681 littore
1545 2606 1671 2695 maris,
1696 2617 1736 2682 ac
1750 2619 1874 2688 scrobe
1890 2623 2050 2711 digitulis
2072 2636 2125 2705 fa-

1137 2724 1209 2794 cta,
1234 2735 1389 2781 maresc
1411 2712 1450 2780 in
1472 2738 1548 2782 eam
1572 2714 1731 2783 scrobem
1744 2717 1843 2790 dixit
1865 2729 2124 2807 transfusurum

1137 2834 1222 2885 esse.
1278 2807 1479 2882 Exhaurirc
1500 2809 1782 2902 magnitudinem
1803 2845 1942 2911 rerum,
1974 2832 2018 2901 de
2044 2840 2125 2936 qui.

1136 2915 1203 2983 bus
1218 2911 1314 2984 Deus
1330 2912 1580 3001 concionatur,
1602 2919 1732 2988 nostris
1747 2928 2033 3004 enarrationibus
2051 2964 2125 3011 non

1001 3011 1010 3028 ⁸
1064 3062 1067 3065 ,
1135 3038 1332 3107 possumus.
1383 3013 1452 3085 Sed
1469 3029 1606 3110 tamen,
1631 3033 1672 3089 ut
1695 3022 1790 3110 dixi,
1816 3029 2020 3106 excitandae
2041 3060 2126 3115 sunt

1133 3131 1285 3200 mentes,
1311 3116 1502 3215 indicanda
1518 3123 1710 3212 quaedam,
1725 3124 1909 3202 invitanda
1925 3141 2040 3211 studia
2057 3139 2126 3215 ho·

1132 3218 1289 3298 minum,
1315 3231 1434 3309 postea
1452 3220 1547 3311 pios,
1574 3236 1613 3292 ut
1629 3218 1806 3296 lohannes
1821 3230 1956 3326 inquit,
1986 3238 2029 3313 ad
2042 3244 2125 3342 χρί.
2176 3306 2177 3309 ,

1132 3341 1209 3412 σμα
1225 3314 1402 3392 διδάσκει.

1231 3436 1437 3510 Dolendum
1462 3455 1581 3511 autern
1595 3438 1663 3516 hoc
1684 3462 1754 3534 est,
1778 3453 1891 3524 multa
1911 3470 2125 3548 praestantia

1130 3542 1291 3631 ingenia,
1316 3565 1469 3634 quorum
1487 3545 1707 3638 eloquentia,
1733 3554 1835 3644 copia
1851 3570 1885 3625 et
1904 3566 2067 3637 acumine
2080 3563 2146 3638 it-'

1130 3643 1277 3714 lustrari
1298 3666 1354 3712 res
1377 3645 1493 3714 bonae
1515 3662 1698 3738 poterant,
1725 3655 1782 3722 vel
1805 3657 1965 3732 fastidire
1983 3661 2049 3740 hoc
2065 3695 2125 3761 ge-

1130 3769 1199 3816 nus
1211 3737 1435 3844 ἐξηγήσεων,
1463 3749 1519 3817 vel
1533 3751 1707 3821 anteferre
1724 3755 1828 3831 rixas.

1229 3864 1341 3936 Nobis
1362 3890 1504 3959 quoquc
1523 3890 1664 3940 novum·
1678 3887 1856 3949 certamen
1882 3884 2016 3972 oritur,
2043 3920 2122 3965 cum

1132 3966 1414 4059 Tragoediamm
1439 3969 1629 4063 scriptore,
1660 3968 1811 4049 Thomu
1834 3977 2061 4087 Neogeorga
2076 3993 2138 4094 ¹⁶),

1133 4068 1185 4156 Is,
1211 4096 1293 4141 cum
1308 4070 1519 4161 scripsisset,
1546 4069 1695 4146 Elector
1710 4073 1873 4154 labentes
1890 4100 2016 4162 contra
2026 4086 2125 4168 Con.

1131 4170 1341 4273 serentium,
1375 4180 1497 4241 tamen
1525 4198 1598 4247 esse
1623 4175 1757 4263 laetor,
1785 4192 1817 4252 et
1838 4188 1987 4263 retinere
2003 4196 2126 4296 Spiri-

1132 4283 1209 4345 tum
1233 4270 1432 4361 Sanctum,
1472 4301 1572 4347 arne
1603 4287 1803 4355 verecunde
1834 4292 2039 4371 admonitus
2063 4309 2153 4391 est,'

1168 4530 1194 4600 ¹)
1220 4528 1271 4583 Th.
1292 4527 1497 4613 Kircbrnaier,
1516 4531 1616 4612 l'astor
1634 4536 1744 4593 Kablae.
1789 4541 1851 4600 Vid.
1873 4548 1945 4605 infra
1972 4555 1999 4607 d.
2019 4557 2114 4614 eatan

1201 4598 1259 4652 ha.
1275 4627 1303 4637 -
1340 4598 1383 4651 De
1397 4618 1430 4652 eo
1445 4603 1721 4659 scribrtMedler-usin
1736 4613 1818 4676 epod
1829 4613 1921 4670 lonarn
1937 4622 1962 4676 d.
1972 4623 2041 4678 ΜΟ
2058 4603 2125 4682 Maii

1203 4666 1278 4722 1537.
1297 4668 1431 4749 (nopdum
1446 4670 1544 4737 editu:
1579 4672 1688 4744 „Quod
1712 4675 1843 4736 iudicium
1864 4705 1956 4743 meum
1971 4692 2004 4747 de
2016 4667 2122 4751 Tboma

1202 4736 1374 4817 Naogeopgro
1389 4737 1525 4818 postulas,
1539 4741 1641 4810 miror,
1660 4762 1722 4797 curn
1737 4747 1825 4816 palam
1840 4761 1884 4807 tua
1898 4757 2061 4818 Excellentia
2077 4785 2124 4819 ex·

1237 4817 1278 4858 rte
1299 4815 1348 4871 srt,
1372 4807 1437 4878 quad
1455 4808 1488 4861 de
1508 4819 1533 4861 te
1552 4819 1578 4862 et
1597 4813 1723 4866 omnibus
1743 4819 1842 4874 nostris
1857 4824 2006 4883 maioribus
2019 4837 2125 4891 sentiat.

1222 4827 1234 4858 Ε

1203 4825 1261 4946 llqo
1279 4893 1345 4930 vero
1365 4875 1526 4958 talem2qui
1548 4897 1595 4933 vos
1614 4889 1704 4934 tantos
1719 4882 1793 4939 viros
1812 4897 1962 4950 contemnit
1995 4900 2032 4954 im

1203 4962 1279 4998 mom
1299 4941 1440 4997 bominem
1460 4947 1569 5018 iudico,
1588 4948 1634 5018 qui
1648 4951 1680 5002 ad
1701 4969 1813 5009 omnem
1831 4958 1954 5017 haeresin
1970 4939 2127 5025 ’etseditio-
2179 5014 2183 5021 ,

1204 5031 1267 5091 nem
1290 5028 1394 5082 pronus
1413 5024 1464 5069 est.
1497 5014 1532 5069 Et
1549 5018 1611 5070 licet
1632 5016 1721 5073 adbuc
1736 5024 1824 5092 palam
1844 5028 1897 5084 boe
1914 5052 1970 5088 non
1984 5048 2044 5110 agat
2077 5061 2124 5097 oc·
2219 5067 2223 5077 ·

1206 5098 1341 5135 canonem
1361 5091 1450 5135 tamen
1473 5097 1613 5155 expectare
1632 5085 1752 5157 videtur,
1774 5111 1856 5162 quam
1876 5100 1898 5152 si
1917 5101 2036 5175 aliquam
2050 5080 2128 5164 ¹arri-

1205 5149 1309 5222 puerit‚
1336 5151 1408 5219 quod
1430 5152 1506 5208 Deos

1205 5218 1335 5290 auderet,
1364 5221 1439 5355 quod
1467 5219 1507 5274 rel
1525 5172 1649 5276 laamas
1673 5224 1822 5285 M'dnzerus
1841 5235 1881 5288 vel
1901 5235 2045 5300 Wioelius
2071 5251 2127 5303 ausi

2037 4903 2126 4973 piissi-
2173 4935 2179 4947 ν

1544 5153 1679 5215 cohibeat,
1704 5162 1800 5226 procul
1821 5165 1905 5220 dubio
1929 5169 2002 5228 idem
2024 5186 2128 5234 tentare

1206 5287 1327 5341 suerunt.
1388 5290 1447 5370 'uod
1461 5297 1551 5370 autern
1562 5310 1608 5352 ros
1621 5310 1731 5355 omnes,
1748 5299 1794 5367 qui
1812 5310 1902 5359 tamen
1920 5321 2015 5365 nostro
2034 5319 2127 5371 ,mulo

1206 5355 1351 5411 columnae
1374 5358 1511 5412 eceterae
1531 5360 1585 5415 Dei
1604 5359 1684 5428 estis,
1709 5377 1883 5443 contemnat,
1907 5388 1933 5429 et
1946 5381 2084 5442 nerninem
2098 5388 2126 5440 in

1209 5424 1334 5478 doctrina
1349 5425 1390 5478 sui
1403 5425 1520 5481 similem
1534 5447 1591 5484 esse
1610 5438 1702 5503 putet,
1720 5432 1904 5513 vellentibus,
1928 5445 1951 5499 si
1967 5467 2034 5522 opus
2050 5452 2119 5509 soret

1207 5494 1323 5568 probare
1336 5511 1452 5566 postem.
1460 5497 1478 5522 '‘
2122 5495 2130 5522 ’

1279 5565 1326 5638 19
