4882 6426
115 339 191 415 209
693 335 1134 412 EPISTOLARUM
1193 333 1299 412 LlB.
1330 332 1393 406 IX.
1446 332 1577 413 1543.
2080 345 2159 421 210

115 524 187 596 εει,
229 505 316 602 οὐχ’
352 504 434 603 ὁσίη
469 504 576 609 γενεὴ
611 505 709 582 κακὰ
743 502 894 604 ῥάπτειν
933 502 1112 602 ἀλλήλων.
1164 511 1404 593 sacerdotum,
1437 523 1476 579 ut
1497 509 1547 578 sic
1568 509 1706 602 loquar.
1757 509 1806 581 Et
1821 514 1858 580 in
1874 513 1966 584 libro
1984 515 2071 584 iuris
2084 513 2154 587 Ca-

117 613 238 702 Quare
255 613 411 702 pericula
430 614 688 701 intelligamus,
722 628 756 684 et
777 614 928 704 impetus
949 616 1112 681 moderc-
1162 611 1299 693 nonici,
1334 609 1392 678 cui
1416 610 1538 680 titulus
1561 625 1611 681 est
1632 611 1970 685 liberDecretorum
1995 619 2074 688 dist.
2089 618 2153 695 24.

115 715 364 806 anurqnadam
381 714 565 805 diligentia
581 715 687 803 digna
705 716 773 806 piis
791 714 998 785 eteruditis.
1032 710 1109 800 Ego
1160 712 1344 791 scribitur,
1376 704 1517 781 Lai'cos
1539 720 1687 805 rogatos
1713 737 1819 810 posse
1845 714 1989 812 publice
2020 714 2154 792 docere.
2266 715 2269 721 ⁴

114 817 261 910 quidem
279 840 343 884 oro
358 813 474 885 Deum
493 831 674 886 aeternum
690 831 824 908 patrem
844 815 980 885 domini
996 815 1108 887 nostri
1163 811 1278 883 Verba
1310 813 1457 882 canonis
1486 829 1600 885 sumta
1624 830 1706 888 sunt
1729 840 1770 886 ex
1794 816 1940 912 Synodo
1965 817 2152 913 Carthagi-

116 916 196 988 lesu
212 913 365 1001 Christi,
389 931 429 987 ut
444 931 588 1009 propter
602 918 716 987 lilium
731 942 788 986 me
805 917 932 1006 spiritu
948 942 1012 987 suo
1026 941 1108 986 san·
1159 917 1273 988 nensi.

115 1034 172 1091 cto
188 1030 301 1109 regat,
327 1019 418 1088 sicut
440 1014 719 1089 dixitChristus:
752 1015 822 1110 οὐχ
842 1013 948 1109 ὑμεῖς
971 1013 1050 1089 ἐστὲ
1073 1016 1109 1089 oi
1261 1015 1331 1086 Sed
1361 1018 1406 1086 de
1433 1017 1711 1089 administranda
1737 1044 1845 1089 coena
1868 1019 2014 1092 Domini
2035 1026 2151 1097 maior

115 1125 311 1201 λαλοῦντες
331 1116 423 1191 ἀλλὰ
446 1116 489 1191 τὸ
514 1125 662 1211 πνεῦμα
682 1125 751 1194 τεῦ
773 1116 913 1215 πατρὸς
933 1115 1044 1211 ὑμῶν
1063 1115 1107 1190 τὸ
1158 1130 1210 1185 εει
1233 1118 1403 1210 quaestio.
1455 1117 1601 1211 irrepsit
1622 1121 1718 1189 enim
1741 1123 1863 1213 opinio
1886 1126 1930 1193 de
1953 1129 2150 1199 mutatione

117 1220 309 1295 iuiutivir'
330 1217 434 1314 ὑμῖν.
487 1221 625 1314 Spiritu
647 1238 767 1293 sancto
788 1224 975 1291 flectantur
997 1222 1108 1291 animi
1157 1221 1270 1318 panis.
1321 1217 1425 1289 Hanc
1441 1235 1646 1310 potestatem
1661 1223 1787 1294 dicunt
1801 1239 1895 1295 certo
1909 1228 2029 1295 ordini
2049 1253 2147 1298 com-

117 1325 229 1395 nostri
254 1325 300 1393 ad
322 1324 498 1408 salutaria,
556 1323 606 1395 Et
630 1350 707 1395 mea
736 1324 883 1397 consilia
915 1325 982 1394 scis
1005 1347 1107 1416 saepe
1157 1323 1360 1391 mendatam
1386 1345 1470 1396 esse.
1536 1322 1604 1393 Sed
1630 1326 1763 1416 opponi
1785 1339 1901 1417 potest
1922 1330 2148 1400 manifestum

11 1447 14 1453 ·
115 1427 222 1496 luisse
237 1419 529 1520 συμβιβαστικά.

217 1557 304 1628 Vidi
331 1560 466 1629 editum
497 1583 517 1628 a
546 1573 580 1630 te
609 1560 770 1629 libellum
793 1552 969 1652 Agendae
990 1558 1106 1642 titulo,

114 1660 180 1753 qui
196 1657 284 1729 mihi
297 1662 422 1751 placet.
474 1659 512 1732 Si
530 1662 568 1730 iu
584 1657 788 1730 huiusmodi
804 1661 929 1729 formis
952 1684 990 1728 ac
1014 1659 1107 1750 poli-

113 1763 173 1833 tiis
194 1763 356 1832 ecclesiae
377 1763 480 1832 etiam
500 1763 671 1832 iudicium
689 1763 957 1833 ecclesiasticum
974 1761 1106 1829 consti-

113 1865 325 1955 culpasset,
365 1879 405 1934 ut
425 1864 555 1933 alicubi
582 1860 746 1934 inchoata
770 1888 825 1933 res
847 1879 916 1949 est,
954 1887 1106 1931 exercerc

114 1965 281 2059 privatim
304 1967 342 2034 in
364 1967 523 2056 singulos
545 1978 766 2035 contumaces
790 1966 1105 2034 excommunicatio

113 2080 244 2160 posset.
299 2065 404 2137 Nunc
426 2069 465 2135 in
489 2063 554 2136 hae
576 2069 806 2159 dissipatione
829 2068 993 2137 ecclesiae
1022 2066 1106 2134 satis

116 2183 185 2254 est,
226 2184 260 2239 ιε
280 2194 345 2260 pro
369 2170 540 2239 concione
567 2193 765 2261 proponere
793 2169 1105 2238 comminationem

115 2273 256 2342 div'inae
277 2273 349 2340 irae
365 2285 398 2341 ει
414 2296 608 2363 poenarum
624 2273 792 2366 adversus
809 2285 1049 2353 contumaces,
1071 2282 1106 2338 et

113 2373 281 2465 privatim
303 2396 362 2442 eos
381 2396 500 2442 arcere
522 2397 542 2441 a
557 2397 665 2442 coena
680 2373 836 2456 domini,
862 2372 891 2440 si
909 2373 972 2464 qni
987 2385 1105 2440 tamen

114 2477 159 2545 ad
183 2500 259 2544 eam
284 2475 445 2544 accedere
468 2475 611 2560 volunt3
651 2498 732 2544 nam
764 2474 868 2543 multi
898 2465 1106 2545 αὐτοκατά-
1155 2450 1279 2530 Pam&

114 2601 230 2669 κριτοι
253 2576 459 2668 relinquunt
483 2577 673 2649 ecclesiam.
725 2573 891 2645 Carmina
907 2577 1005 2644 brevi
1023 2575 1106 2643 mit·

115 2693 197 2749 tam.
250 2677 303 2748 Te
320 2679 446 2746 vellem
463 2702 606 2768 prorsus
621 2672 713 2747 nihil
730 2679 945 2768 respondere
962 2676 1106 2744 insulsis

114 2781 301 2872 poetastris
315 2774 552 2878 Bavaricis*).
605 2777 702 2849 Bene
718 2781 806 2852 vale.
833 2782 867 2852 d.
884 2779 944 2854 25.
957 2775 1105 2850 Octobr.

120 2874 298 2978 assam

525 3118 1099 3131 ‹um—mm—

114 3281 181 3353 No.
195 3280 307 3352 2786.

120 3378 293 3408 w

939 3286 1023 3362 (aad.
1040 3281 1088 3361 d·)

927 3372 1100 3403 Μ

197 3466 419 3551 Iudicium
439 3465 494 3549 de
514 3470 784 3575 impositione
804 3493 1023 3551 manuum.

183 3643 294 3698 Editum
308 3663 322 3699 a
337 3643 445 3726 Perelio
459 3644 485 3697 in
498 3643 629 3697 Melantb.
644 3643 749 3698 Consil.
764 3644 807 3698 lat.
823 3643 854 3698 P.
866 3643 887 3698 l.
901 3661 927 3714 p.
941 3642 993 3724 510
1002 3658 1061 3712 sqq.
1073 3672 1108 3682 -

219 3712 1109 3852 dtttzthttdttldlt’tells.tz..¹⁶i;...·.,ltt¹t‘t

159 3928 161 3933 Ι
217 3853 260 3906 25.
279 3801 396 3906 Octobr.

114 4006 299 4107 Scriptum
324 4003 550 4104 ,Philippi
581 4005 624 4079 de
658 4007 888 4107 impositione
919 4031 1108 4081 manuum.

174 4108 240 4181 Ad
266 4109 425 4186 Vitum
450 4106 754 4197 Theodorum,
780 4106 889 4179 Anno
908 4106 1051 4204 1540.¹)

114 4236 161 4319 ln
182 4241 330 4316 historia
356 4240 599 4314 Ecclesiastica
622 4241 769 4315 Eusebii
792 4246 855 4318 lib.
869 4244 904 4317 6.
930 4267 1006 4334 pag.
1023 4240 1107 4316 144.

115 4349 284 4418 recitatur
316 4345 462 4438 epistola
484 4343 653 4438 Episcopi
678 4345 1029 4441 Hierosolymorum,
1069 4346 1107 4413 in

116 4476 186 4545 qua
226 4451 351 4519 multis
380 4448 549 4540 exemplis
581 4449 784 4519 defenditur
813 4445 1006 4538 Origenes,
1046 4447 1106 4539 qni

55 4546 61 4553 ⁷
116 4553 412 4636 concionabatur,
451 4575 531 4619 cum
555 4573 628 4619 non
652 4564 741 4621 esset
764 4563 985 4620 consecratus
1007 4573 1106 4618 more

118 4745 339 4759 ...ομ-ο..-

149 4862 180 4932 ῐ)
200 4862 263 4917 Vid.
276 4880 356 4933 supra
369 4879 411 4932 ep.
425 4858 458 4914 ad
471 4857 574 4912 Theod.
588 4856 614 4913 d.
629 4859 670 4912 12.
684 4857 747 4912 Oct.
760 4857 787 4913 b.
801 4875 825 4912 a.

106 4948 111 4954 ”
149 4945 199 5018 *14)
220 4946 366 5016 Adscripta
379 4951 442 4998 sunl
456 4942 483 4996 in
498 4941 653 5012 apographo
667 4941 779 4995 Monac.
792 4941 875 4996 haec:

254 5014 292 5068 Ex
307 5013 391 5068 literis
404 5010 562 5081 Crucigeri,
581 5029 650 5080 quae
664 5019 740 5062 erant
752 5009 793 5063 bis
808 5009 964 5065 adiunctaes

185 5084 279 5140 Nostri
290 5085 344 5136 ism
360 5080 494 5151 incipiunt
507 5085 609 5135 aitrau
621 5078 656 5134 acl
668 5077 755 5151 πτεριὲ
773 5089 798 5132 ει
820 5098 950 5150 quaerere
969 5081 1019 5136 alia
1036 5098 1107 5136 con·

92 5185 101 5194 ·
185 5153 254 5207 silia.
289 5153 434 5219 Philippus
449 5160 540 5202 noster
560 5169 589 5202 es
609 5151 721 5202 somniis
739 5159 764 5201 et
783 5146 842 5201 aliis
856 5151 1023 5205 coniecturis
1037 5151 1106 5207 vati·

174 5224 293 5277 'sinatur
307 5221 340 5274 de
355 5216 583 5289 disputationibus
595 5218 624 5272 in
637 5228 789 5289 conventu,
815 5236 898 5287 quare
915 5219 1036 5275 fortassis
1055 5219 1107 5275 ad·

186 5291 322 5346 ducentur
336 5287 383 5343 arui
394 5291 422 5343 oi
433 5283 572 5358 θεόιογοι.

152 5376 181 5446 1)
201 5375 233 5428 ln
248 5373 370 5442 catalogo
384 5369 482 5426 consil.
496 5369 646 5441 Melantlt.‚
668 5369 696 5421 in
716 5366 769 5422 fine
786 5388 801 5422 a
815 5367 922 5421 Perelio
936 5368 1044 5442 addito,
1061 5390 1108 5424 ra·

187 5443 273 5496 lector
284 5441 339 5496 boe
351 5441 482 5494 iudicium
496 5439 529 5492 sd
542 5457 644 5493 annum
657 5439 733 5493 1542.
755 5437 802 5492 Est
814 5455 880 5501 vero
892 5438 1023 5510 scriptum
1034 5458 1108 5495 anno

116 5512 298 5658 Muliiin.
314 5588 420 5656 Orsa.
434 5588 517 5654 Vol..
530 5584 573 5650 V.

1158 1423 1413 1507 testimonium,
1441 1438 1475 1493 et
1488 1425 1571 1494 satis
1587 1449 1691 1516 grave
1707 1425 1844 1520 Synodi
1856 1427 2039 1514 Nicaenae,
2057 1457 2148 1525 quae

1157 1523 1360 1610 constituit,
1392 1539 1430 1595 ut
1451 1528 1591 1595 diaconi
1614 1527 1819 1599 absentibus
1837 1534 2049 1625 presbyteris
2067 1558 2148 1603 coe-

1157 1650 1240 1694 nam
1262 1622 1414 1695 Domini
1434 1628 1693 1703 administrent.
1750 1629 1919 1702 Nondum
1942 1633 2051 1722 igitur
2073 1646 2148 1708 erat

1155 1728 1351 1818 persuasio,
1391 1729 1435 1798 cle
1457 1743 1626 1820 potestate
1649 1734 1812 1801 mutandi
1835 1758 1979 1826 panem,
2018 1739 2147 1808 tradita

1095 1862 1104 1879 ·
1156 1842 1250 1899 certo
1268 1830 1404 1918 gradui.

1257 1927 1353 1999 Haec
1380 1927 1545 2001 historica
1577 1929 1667 2002 mibi
1691 1935 1834 2027 quidem
1857 1950 1953 2025 grata
1977 1952 2078 2025 sunt,
2112 1955 2148 2012 et

1154 2053 1212 2098 me
1233 2030 1422 2111 ,interdum
1458 2035 1669 2105 confirmant
1699 2038 1936 2128 disputantem
1971 2041 2009 2108 in
2048 2055 2147 2113 tanta
2218 2051 2227 2078 '

1156 2144 1354 2223 temporum
1377 2137 1584 2205 confusione
1607 2139 1650 2205 de
1673 2139 1784 2207 veteri
1802 2141 2047 2228 ordinatione,
2074 2145 2147 2212 sive

1156 2233 1327 2304 electione
1341 2234 1611 2307 ministrorum.

1256 2335 1360 2405 Nunc
1394 2341 1572 2427 persuasio
1607 2340 1842 2430 receptissima
1868 2357 1920 2412 est
1941 2341 2148 2418 Pontificiae

1319 2435 1528 2508 Ecclesiam
1553 2436 1664 2509 talem
1684 2437 1859 2537 politiam
1881 2468 1975 2530 essa,
2009 2445 2048 2515 in
2072 2472 2147 2545 pua

1156 2562 1260 2607 nemo
1283 2547 1496 2636 potestatem
1530 2536 1665 2612 habeat
1699 2537 1853 2613 docendi
1877 2544 2042 2642 publice,
2082 2558 2149 2620 aut

1156 2638 1456 2711 administrandi
1478 2667 1624 2713 coenam
1646 2641 1824 2730 Domini,
1863 2644 1943 2718 nisi
1962 2673 2149 2720 consecra-

1158 2753 1215 2810 tas
1238 2741 1287 2810 sit
1309 2741 1357 2811 ab
1376 2742 1561 2840 Episcopo
1586 2754 1723 2815 tenente
1745 2744 1914 2833 titulum,
1947 2760 1978 2820 et
2001 2747 2148 2848 quidem

1157 2869 1181 2912 a
1206 2837 1382 2936 Pontifice
1403 2841 1579 2916 Romano
1604 2857 1797 2943 acceptum.
1854 2849 2148 2927 Hunc-ordinem

1157 2960 1286 3015 vocant
1312 2949 1566 3017 successionem
1590 2951 1809 3020 ordinariam
1831 2966 1866 3023 et
1886 2979 1975 3045 pene
1998 2955 2150 3029 Levitici

1157 3049 1341 3118 sacerdotii
1360 3045 1560 3143 κακοζηλία
1578 3065 1640 3123 εει.

1259 3148 1357 3238 Quid
1382 3153 1468 3221 velit
1494 3166 1575 3222 tuus
1599 3153 1752 3243 collega,
1773 3157 1907 3226 nescio:
1936 3156 2006 3229 Sed
2029 3175 2149 3233 tamen

1157 3273 1233 3320 non
1249 3252 1394 3343 opinor,
1428 3278 1508 3323 eum
1524 3256 1713 3325 defendere
1727 3257 2007 3349 illas·opiniones
2022 3262 2148 3334 Ponti-

1157 3353 1270 3437 ficias,
1296 3379 1383 3447 quas
1400 3356 1430 3425 si
1445 3356 1618 3442 tuebitur,
1644 3381 1736 3427 nova
1753 3375 1858 3430 erunt
1874 3376 1907 3432 ει
1923 3363 2057 3435 maiora
2072 3390 2149 3436 cer-

1158 3456 1302 3527 lamina.

1261 3555 1385 3627 Dicam
1403 3572 1519 3628 autem
1534 3559 1680 3641 ordine,
1713 3586 1802 3654 quae
1817 3562 1855 3632 in
1874 3565 2045 3636 ministris
2062 3594 2149 3639 con·

1158 3658 1347 3729 stituendis
1362 3661 1554 3728 necessaria
1572 3660 1660 3730 sint:
1696 3661 1841 3733 Vocatio
1865 3689 1925 3735 seu
1946 3669 2068 3739 electio
2084 3696 2149 3742 ne-

1159 3760 1305 3830 cessaria
1322 3774 1383 3833 est.
1435 3758 1537 3831 Hanc
1551 3761 1684 3834 Paulus
1701 3767 1847 3837 mandat
1864 3765 1963 3838 Tito:
1997 3758 2149 3841 Consti·

1159 3869 1216 3930 tue
1228 3859 1473 3957 presbyteros:
1507 3861 1633 3934 Postea
1652 3865 1751 3935 vides
1767 3866 1806 3936 in
1822 3871 2077 3959 probatissimis
2090 3869 2149 3944 bi-

1158 3965 1277 4033 storiis
1291 3964 1397 4032 fuisse
1412 3965 1648 4035 universalem
1664 3992 1798 4037 morem
1813 3972 1947 4063 primae
1961 3969 2162 4064 Ecclesiae,

1159 4066 1263 4154 eligi,
1296 4066 1424 4144 idest,
1458 4069 1576 4137 vocari
1594 4065 1788 4160 Episcopus
1810 4097 1872 4164 per
1895 4076 2085 4166 populum,
2110 4081 2149 4150 id
2188 4139 2191 4143 ,

1159 4182 1229 4247 εει,
1262 4161 1567 4261 honestissimos²)
1593 4164 1755 4241 homines
1776 4173 1814 4240 in
1839 4175 1987 4267 singulis
2011 4181 2150 4251 ordini-

1158 4271 1234 4340 bus.
1285 4265 1334 4340 Et
1365 4264 1481 4338 adhuc
1513 4270 1699 4360 vestigium
1733 4276 1842 4344 moris
1875 4291 2011 4366 manet,
2051 4285 2148 4376 quod

1157 4368 1326 4461 Episcopi
1342 4395 1361 4439 a
1379 4371 1534 4461 collegiis
1550 4373 1740 4461 eliguntur.

1260 4471 1320 4541 Sic
1346 4496 1441 4541 nunc
1463 4489 1635 4543 vocantur
1649 4475 1804 4546 ministri
1822 4477 1859 4547 in
1877 4482 2007 4569 nostris
2023 4479 2147 4556 Eccle-

1157 4574 1236 4657 siis,
1268 4574 1324 4641 vel
1349 4598 1409 4662 per
1424 4573 1626 4667 Principes,
1656 4578 1713 4646 vel
1735 4603 1799 4668 per
1818 4580 1987 4651 Senatum
2012 4586 2049 4653 in
2071 4585 2147 4660 Re·

1159 4672 1345 4770 buspuh.³)
1398 4672 1445 4744 Ει
1467 4690 1519 4745 εει
1537 4679 1594 4768 pia
1616 4691 1649 4747 et
1670 4678 1759 4748 iusta
1776 4683 1925 4756 vocatio.
1976 4684 2146 4782 Princeps

1158 4793 1192 4847 et
1217 4777 1403 4847 Senatores
1426 4779 1614 4870 dupliciter
1636 4774 1845 4875 habentius
1868 4789 2033 4858 vocandi:
2070 4793 2146 4882 pri·

1157 4904 1277 4963 mum,
1307 4879 1390 4972 quia
1412 4897 1598 4971 praesunt,
1632 4895 1666 4950 ει
1686 4885 1763 4952 vult
1779 4882 1874 4954 Deus
1892 4890 2144 4975 gubernatores

1158 5005 1280 5050 curare
1288 4978 1318 5075 ⁴)
1334 4981 1570 5051 ministerium
1584 4981 1785 5072 Evangelii:
1812 4984 1951 5059 Deinde
1966 4993 2048 5084 quia
2062 5011 2144 5067 sunt

1158 5084 1344 5174 praecipua
1364 5085 1520 5153 membra
1536 5082 1723 5158 Ecclesiae.

1192 5339 1220 5400 2)
1241 5338 1310 5394 cod.
1324 5339 1434 5393 Monac.
1453 5339 1533 5408 eligi,
1551 5341 1579 5391 id
1592 5347 1634 5392 est
1644 5355 1697 5404 par
1708 5340 1891 5396 honestiores.

1192 5424 1220 5491 8)
1242 5423 1312 5479 Cod.
1327 5422 1439 5477 Monac.
1456 5426 1501 5476 uei
1512 5426 1669 5480 Senatorum
1683 5442 1756 5478 voce.

1192 5510 1222 5576 4)
1240 5508 1309 5563 Cod.
1321 5506 1432 5562 Monac.
1447 5508 1556 5564 iuvare.

1298 5579 1344 5650 14
