4868 6420
274 341 378 419 ,159
875 340 1310 422 netsrotttttttt
1365 352 1474 435 LIB.
1506 357 1572 440 lX.
1624 361 1757 444 tata.
2215 395 2223 403 ·
2273 376 2350 450 160

305 541 366 588 rae
393 513 579 587 conciones
605 512 811 585 convenisse
823 504 876 607 ⁹).
936 512 1082 587 Utinam
1115 542 1220 589 omen
1256 518 1302 591 sit
1356 523 1471 616 idola,
1492 532 1623 623 partim
1636 538 1850 628 ambitione,
1875 542 2003 634 partim
2020 560 2167 640 propter
2183 547 2270 621 alias
2286 574 2349 622 cn-

305 619 410 703 felix,
449 631 483 687 et
506 638 646 708 semper
672 630 868 706 congruant
890 612 1087 690 Doctorum
1108 621 1301 692 sententiae
1352 629 1527 720 piditates.

285 734 342 792 et
365 718 582 803 voluntates!
640 716 798 790 Reverso
832 718 949 787 statim
975 734 1190 795 monstratae
1216 735 1301 795 sunt

304 820 475 914 epistolae
500 832 581 890 tuae
610 816 655 888 de
680 815 840 888 Danielis
863 815 1118 908 Enarratione,
1156 825 1201 894 de
1231 848 1300 919 qua

288 947 403 999 ,nunc
419 922 564 1016 quidem
577 943 706 988 novam
714 919 1000 1011 Disputationem
1014 947 1090 995 non
1104 924 1299 999 instituam.

1452 761 1571 837 Habes
1592 793 1764 842 summam
1781 772 1962 848 Historiae
1985 805 2123 869 veram,
2147 809 2254 879 qnam
2277 785 2348 856 im·

1350 867 1480 958 perties
1496 883 1529 939 et
1543 868 1588 945 D.
1600 869 1840 970 Hieronymo.

1452 995 1687 1075 lonchimnm
1711 1005 1916 1080 Mollcrnm
1942 1010 2247 1108 Hamburgensem
2279 1021 2347 1093 tibi

1350 1107 1574 1190 commendo,
1583 1121 1629 1189 ,et
1645 1114 1931 1183 commendarem
1948 1118 2111 1208 pluribus
2128 1123 2255 1207 verbis,
2273 1124 2345 1194 nisi

1350 1207 1496 1289 scirem,
1526 1207 1593 1277 tibi
1616 1233 1697 1280 eum
1722 1227 1846 1282 notum
1868 1239 1951 1285 esse.
2003 1217 2106 1290 Valet
2128 1223 2289 1314 ingenio,
2309 1239 2345 1298 et

1350 1329 1386 1374 se
1402 1307 1447 1376 ad
1462 1305 1590 1401 Remp.
1607 1329 1791 1404 praeparat
1808 1340 1845 1386 ac
1860 1316 2005 1390 instruit
2021 1323 2154 1412 optima
2171 1328 2343 1413 doctrina,

1350 1409 1451 1477 etde
1476 1408 1554 1480 luce
1575 1413 1736 1484 doctrina
1759 1412 1948 1507 Evangelii
1968 1437 2061 1492 recte
2085 1427 2208 1512 sentit3
2233 1452 2343 1521 quare

1350 1532 1431 1578 eum
1454 1524 1614 1582 amanter
1635 1516 1795 1608 excipies.
1849 1517 2023 1592 Fortassis
2048 1539 2130 1595 ante
2154 1529 2220 1600 iter
2241 1528 2343 1601 ltali-

1349 1634 1429 1679 cum
1444 1617 1720 1687 commorabitur
1736 1620 1991 1715 aliquantisper
2016 1630 2109 1716 apud
2133 1654 2207 1702 vos.
2260 1627 2343 1703 Ob·

1348 1734 1446 1782 secro
1462 1711 1516 1783 Te
1532 1729 1676 1807 propter
1690 1715 1884 1803 Christum,
1910 1749 1955 1793 ne
1973 1726 2086 1817 litiges
2102 1755 2181 1801 curn
2198 1730 2343 1825 Collega

1349 1825 1432 1901 tuo;
1465 1813 1535 1886 Sed
1557 1819 1673 1908 potius
1689 1845 1811 1891 omnes
1827 1822 1994 1918 colaphos
2011 1843 2044 1898 et
2062 1826 2242 1917 σκόλοπας
2259 1859 2341 1928 per-

1347 1913 1450 1991 ieras.
1502 1915 1600 1993 Bene
1618 1922 1707 1995 vale.
1733 1925 1791 1994 die
1807 1925 1867 1999 17.
1883 1923 2046 2018 Augusti.

1855 2055 2045 2154 Philippus
2064 2063 2290 2145 Melanthum

409 1052 448 1125 Si
471 1051 583 1122 lulius
615 1064 667 1121 est
687 1076 836 1146 parvum
858 1077 990 1140 cornu,
1027 1059 1084 1127 vel
1108 1054 1300 1150 Augustus,

306 1157 486 1253 quomodo
502 1154 715 1223 convenient
739 1168 894 1241 caetera,
926 1158 1023 1250 quod
1045 1159 1180 1230 bellum
1202 1174 1299 1252 gerat

306 1282 387 1330 cum
415 1256 571 1336 Sanctis,
603 1255 699 1347 quod
722 1279 854 1325 novum
882 1259 1063 1329 doctrinae
1086 1283 1196 1350 genus
1220 1262 1300 1332 orbi

304 1354 477 1430 invehat?
529 1353 609 1427 Etsi
624 1356 702 1424 istic
712 1356 876 1447 fortassis
894 1359 955 1428 illa
972 1359 1224 1433 dissimilitudo
1241 1363 1300 1432 in-

304 1457 566 1552 terpretationis
583 1455 772 1527 Sermones
791 1462 935 1549 praebet
958 1461 1155 1555 aliquibus,
1180 1479 1297 1535 tamen

303 1575 339 1635 te
354 1556 550 1644 adhortor,
568 1571 677 1629 totam
693 1553 785 1628 hanc
803 1584 897 1648 rem,
926 1576 967 1632 ut
989 1564 1130 1635 silentio
1155 1590 1299 1659 prorsus

303 1665 455 1746 obruas,
487 1685 528 1732 ac
551 1682 697 1751 prorsus
714 1660 926 1738 dissimules.
978 1663 1083 1736 Sinas
1104 1667 1138 1735 ei
1161 1667 1300 1759 placere

300 1789 406 1836 suum
431 1779 575 1854 poema,
606 1785 647 1831 ac
669 1774 786 1852 optes,
811 1787 856 1832 ne
879 1764 917 1833 in
940 1766 1165 1856 dogmatibus
1189 1769 1298 1839 simili

300 1859 492 1939 αὐθαδεία
508 1864 630 1934 ludere
647 1864 838 1957 aliquando
857 1866 1014 1958 incipiat.

406 1996 450 2070 ln
463 1998 599 2068 ditione
623 1987 841 2066 Coloniensi
862 2000 1005 2070 exordia
1029 1999 1297 2074 instaurationis

301 2096 563 2184 Ecclesiarum,
588 2093 657 2167 Dei
672 2098 862 2184 beneficio,
887 2099 977 2171 laeta
996 2115 1099 2188 sunt3·
1128 2108 1189 2173 sed
1210 2106 1297 2174 faci-

294 2199 394 2272 -liora
423 2213 555 2285 essent,
595 2199 627 2268 si
649 2223 722 2269 non
745 2200 926 2272 incidisset
947 2201 1082 2272 bellum
1101 2203 1295 2295 Belginum,
1350 2259 2343 2296 Ἦ

302 2304 400 2398 qnod
417 2302 548 2372 moveri
567 2290 704 2392 semper
724 2302 843 2385 dolui,
869 2315 902 2373 et
924 2303 1081 2374 fortassis
1102 2308 1294 2400 aliquando

301 2405 493 2487 dolebunt,
528 2415 664 2471 motum
688 2424 780 2486 esse,
807 2397 865 2486 hi,
898 2404 966 2496 qui.
981 2402 1151 2478 luvenem
1165 2403 1295 2479 Inlin-
1345 2400 1413 2474 No.
1427 2402 1541 2477 2741.
2163 2437 2223 2498 ρο,
2239 2427 2325 2514 Aug,

207 2543 217 2552 -
302 2529 437 2577 oensem
453 2502 704 2596 implicuerunt
723 2500 881 2574 Gallicae
895 2503 1074 2581 Societati.
1352 2501 1524 2530 Μ
2161 2520 2336 2552 ⁹⁹⁹

405 2638 597 2731 Postquam
619 2637 729 2725 liber,
766 2638 828 2731 qui
847 2639 997 2710 sormam
1029 2639 1230 2727 doctrinae,
1261 2655 1296 2714 et
1691 2576 1728 2663 Ι·
1757 2578 2004 2671 Malthelw·

298 2745 438 2816 ¹rituum
462 2739 636 2822 continet,
669 2741 851 2809 absolutus
874 2754 943 2827 est,
967 2738 1165 2835 Episcopus
1180 2743 1295 2817 Senex
1415 2741 1500 2818 Epist.
1514 2744 1562 2804 til.
1576 2746 1611 2805 n.
1628 2767 1656 2852 p.
1670 2751 1714 2806 66.
1732 2753 1807 2822 (edit.
1821 2755 1910 2812 Lond.
1925 2759 1957 2815 11.
1975 2779 2019 2832 ep.
2033 2762 2090 2832 49.)

301 2842 472 2918 adhibitis
495 2839 728 2925 Coadiutore,
758 2839 902 2960 Decapo
925 2835 1066 2914 Comite
1085 2839 1296 2964 Stoibergio
1546 2902 1591 2976 D
1619 2902 1833 2983 Iohanni
1849 2912 2111 2991 Malthesio

297 2962 338 3018 -et
360 2946 438 3016 aliis
454 2942 666 3036 quibusdam
685 2944 918 3029 eonsrlrarns,
952 2959 986 3016 et
1007 2970 1080 3031 me,
1109 2960 1223 3017 totum
1248 2949 1294 3016 lr-
1593 2961 1603 2981 ⁴
2113 2977 2123 2994 ·

299 3051 405 3120 hrum
423 3043 575 3136 praelegi
593 3043 712 3125 iussit,
738 3057 869 3114 attente
894 3047 1048 3133 audivit,
1075 3061 1109 3118 et
1131 3047 1292 3141 disputa·
1342 3011 1387 3101 S·
1415 3032 1460 3106 D·
1511 3033 1672 3158 Gratiam
1688 3037 1799 3161 habeo
1817 3034 1989 3168 Csff⁸Ws⁰
2006 3068 2143 3141 nostro,
2168 3057 2231 3152 qui
2246 3056 2336 3132 mihi

299 3153 352 3222 vit
369 3159 546 3231 accurate,
572 3145 703 3238 siquid
720 3148 893 3232 occurrit,
914 3149 1010 3241 quod
1030 3149 1085 3219 vel
1104 3150 1293 3221 correctio·
1344 3148 1410 3205 ῑῑθΐ
1433 3159 1535 3207 mum
1558 3143 1740 3218 lndtcawt.
1797 3146 1875 3218 Etsr
1900 3177 1995 3221 emm
2023 3149 2090 3225 hoc
2116 3171 2284 3330 tempore
2295 3165 2335 3234 in

300 3277 395 3335 nem,
421 3249 477 3318 ve}
493 3247 760 3338 explicationem
779 3250 959 3341 requirere
972 3251 1167 3323 videbatur,
1217 3249 1292 3321 Ha.
1342 3237 1449 3307 tantis
1464 3241 1805 3330 publicisaernmnis
1818 3276 1890 3320 non
1906 3255 2011 3322 scribi
2025 3257 2114 3327 laeta
2130 3285 2188 3330 mu
2207 3276 2240 3332 ta
2254 3288 2336 3353 pos-

299 3356 407 3425 ΒΜ
431 3352 475 3418 ad
499 3372 643 3417 mgnum
663 3348 814 3419 sacrum
835 3347 1023 3432 codicem,
1063 3351 1101 3420 in
1123 3377 1194 3447 quo
1216 3354 1292 3444 ipse
1342 3354 1442 3410 sunt:
1480 3354 1599 3412 tamen
1623 3360 1775 3416 veterem
1798 3357 2089 3426 consuetudinem
2114 3377 2271 3434 nostram
2294 3367 2334 3439 in

299 3456 480 3526 interdurn
515 3450 715 3520 testimonia
746 3451 960 3542 requirebat.
1027 3453 1181 3523 Miratus
1212 3479 1292 3526 sum
1343 3441 1529 3559 sfrlbentlo
1552 3458 1585 3513 et
1609 3449 1710 3566 quasi
1730 3452 1907 3571 colqunia
1930 3461 2094 3529 renovari
2116 3464 2236 3540 velim,
2288 3466 2331 3538 ln

299 3582 375 3630 non
390 3555 504 3623 solum
530 3550 749 3638 diligentiam
772 3552 865 3636 eius,
896 3556 958 3622 sed
980 3554 1085 3623 etiam
1107 3556 1292 3643 iudicium,
1342 3542 1704 3666 d¹l{0ss·e·(30¹⁰¹¹¹‘{¹¹⁸¹
1724 3549 1898 3641 C⁰¹¹¹¹l⁰⁵‚
1932 3575 2091 3678 qu¹tfsfer
2114 3568 2202 3636 ⁰rd0
2225 3581 2258 3637 et
2280 3570 2332 3638 le-

299 3659 397 3752 quod
420 3654 575 3723 fortassis
597 3653 671 3734 illi,
701 3652 765 3747 qui
789 3675 870 3722 eum
895 3677 970 3723 non
989 3670 1142 3738 norunt,
1167 3658 1200 3727 ei
1216 3681 1291 3728 non
1341 3657 2167 3763 Ballf¹Y¹l³lum¹¹¹⁰⁰¹¹Vfl1¹l⁰P⁰l¹¹⁶¹l¹⁸⁰ssls
2200 3691 2237 3739 ⁸⁰
2261 3669 2332 3742 Ec·

298 3761 474 3831 ,fjbuung
512 3752 583 3823 sed
601 3748 688 3820 mihi
706 3755 827 3838 crede,
849 3756 1086 3843 madelme,
1112 3771 1290 3829 aestua.
1341 3746 1823 3829 clesrasrnstauraturosesse
1844 3761 1888 3828 ad
1911 3785 2094 3850 normam,
2118 3792 2225 3860 quarn
2239 3769 2331 3865 Epi.

298 3875 378 3934 m„
401 3846 628 3947 φιλαληθής,
663 3866 697 3923 et
718 3848 781 3923 has
803 3859 1060 3926 controvmias
1082 3860 1126 3927 de
1145 3857 1234 3929 Fide
1255 3874 1290 3930 et
1338 3868 1465 3938 scopus
1480 3854 1681 3949 proposuit,
1708 3881 1797 3949 quae
1819 3861 1961 3953 quidem
1975 3869 2139 3956 congruit
2160 3896 2241 3943 curn
2264 3898 2332 3946 no-

296 3954 624 4031 veralnvocatione
648 3955 767 4024 dextre
784 3945 961 4045 intelligit,
1009 3956 1200 4052 postquam
1221 3960 1289 4050 igi.
1339 3949 1421 4018 stris
1444 3946 1622 4028 Ecclesiis.
1677 3953 1875 4049 Collegium
1897 3961 2111 4038 Coloniense
2131 3984 2166 4042 et
2188 3991 2331 4051 senatus

254 4082 256 4086 “
296 4078 357 4135 tur
371 4061 503 4129 librum
519 4057 592 4147 ipse
614 4057 877 4146 comprobavit,
908 4057 1039 4129 indixit
1053 4057 1289 4149 Conventum,
1339 4045 1456 4169 adbuc
1471 4054 1702 4175 advfssfflllffff
1715 4085 1823 4178 purae
1840 4065 2042 4182 d0flfl¹¹²¹es
2067 4073 2127 4141 ⁸011
2147 4069 2186 4144 hl
2209 4102 2332 4149 emen-

296 4159 650 4257 inquoreseaedem
675 4157 803 4227 iterum
825 4160 920 4230 inter
939 4161 1146 4255 praecipuos
1165 4163 1288 4257 dispu.
1339 4153 1517 4223 dationem
1541 4179 1580 4224 ιιι
1607 4158 1742 4229 ditione
1762 4167 1934 4253 rmpedrre
1960 4194 2035 4239 non
2061 4190 2220 4264 possunt.
2267 4177 2331 4254 Et

294 4281 386 4339 ,me
400 4275 494 4332 sunt,
1338 4252 1409 4322 iam
1425 4254 1611 4350 inaliquot
1627 4262 1768 4352 oppidis
1785 4261 1947 4338 inchoata
1967 4286 2019 4342 est
2035 4279 2247 4355 emendatio.
2281 4278 2329 4357 Et

398 4394 560 4464 Tandem
572 4382 747 4477 comm,
769 4376 942 4486 Eqfiester
958 4391 1084 4482 Ordo,
1110 4411 1145 4470 et
1164 4395 1288 4487 Legati
1336 4354 1389 4446 pii
1411 4378 1451 4428 ac
1472 4360 1604 4529 elquditi
1629 4364 1897 4540 concinnatoresl
1922 4372 2072 4446 fideliter
2092 4390 2127 4448 et
2146 4404 2238 4551 pure
2261 4385 2329 4457 do-

362 4499 372 4518 .
1148 4493 1154 4501 ·
1337 4470 1429 4532 cent.
1522 4484 1603 4531 eum
1627 4487 1768 4536 oremus
1818 4483 1859 4541 ut
1900 4497 2001 4544 neem
2029 4500 2113 4550 suae
2171 4485 2306 4556 octria

293 4501 487 4673 ἓὶζῖἒῖῐὲΐ
496 4516 658 4664 :1333
675 4496 1288 4686 ἱᾟὶἰῖῑζῐξοΙίᾚέὲᾨξΐὲἐοξθεξῐ
1336 4558 1405 4628 late
1422 4576 1561 4652 spargat
1576 4576 1611 4633 et
1626 4521 1821 4644 conservet.
1866 4568 1985 4646 Audio
2006 4582 2100 4671 apud
2117 4607 2181 4652 vos
2195 4512 2328 4660 andei:

287 4692 470 4776 Convenit
508 4710 625 4766 autem
664 4717 789 4765 norma
827 4699 1014 4791 praecipue
1047 4725 1129 4774 cum
1161 4715 1285 4780 vestra.
1335 4659 1449 4730 ‘dicta
1472 4665 1653 4753 pr⁰p⁰⁵i¹³
1676 4691 1759 4742 ⁰⁸⁸²·
1816 4667 1981 4765 ΟΡΜΓῙΠι
2004 4682 2211 4757 mell⁰rib¹1⁸
2233 4691 2327 4759 oml-

459 4801 468 4816 ·
524 4799 533 4816 ⁶
575 4798 584 4815 ⁶
645 4791 710 4867 ,B
872 4800 880 4816 ,
927 4823 942 4868 s
1005 4815 1018 4874 t
1334 4762 1440 4831 nibus
1465 4766 1595 4857 suscipi
1617 4768 1749 4838 bellum
1771 4788 1893 4845 contra
1914 4777 2068 4869 Turnus,
2107 4788 2168 4856 sed
2201 4791 2326 4865 fatales

291 4803 395 4877 Hanc
412 4812 654 4871 0¹¹¹m¹¹¹¹¹las¹
712 4819 925 4889 ‘'l-‘mmm
945 4824 1030 4878 ⁸¹³⁴
1162 4869 1166 4877 ’
1332 4886 1463 4955 poenas
1483 4865 1564 4936 talis
1585 4867 1687 4938 sutor
1705 4873 1794 4943 solet
1820 4882 2041 4969 praecedere,
2081 4900 2121 4957 ut
2155 4884 2326 4966 historiae

392 4941 579 5044 Groperns
597 4944 636 5013 in
651 4941 1143 5043 ConventuacriterCollegii
1165 4954 1284 5023 nomi·
1332 4980 1414 5040 ante
1438 4968 1613 5037 excidium
1631 4968 1865 5068 lerosolymae
1888 4980 2058 5058 indicant.
2107 4985 2204 5060 Dens
2224 5008 2325 5087 pater

290 5080 335 5126 ne
357 5048 586 5144 repugnavit,
624 5047 689 5116 etsi
719 5048 860 5117 suntin
882 5036 1042 5141 Collegio
1065 5053 1168 5124 multi
1192 5057 1283 5126 bene
1330 5054 1478 5137 Domini
1499 5071 1612 5140 nostri
1636 5070 1714 5144 lesu
1736 5071 1870 5149 Christi
1895 5084 2030 5173 mitiget
2052 5092 2213 5181 publicas
2239 5120 2326 5188 poe·

288 5156 489 5229 sentientes.
539 5147 611 5220 Sed
629 5139 816 5242 Groperns
831 5163 866 5222 et
875 5152 982 5244 pauci
1002 5152 1065 5225 alii
1085 5155 1282 5231 defendunt
1329 5190 1414 5254 nas,
1438 5182 1474 5240 et
1495 5185 1608 5243 servet
1622 5171 1800 5248 Ecclesiae
1824 5203 1906 5250 suae
1922 5186 2104 5279 reliquias.
2161 5191 2323 5270 Salutem

1329 5283 1415 5360 opto
1433 5270 1626 5344 clarissimo
1640 5276 1719 5348 viro
1735 5275 1780 5357 D.
1796 5276 1944 5355 Ductori
1960 5281 2090 5367 Nerio.
2122 5291 2322 5388 Benenate,

1330 5372 1387 5443 die
1399 5372 1461 5449 20.
1478 5369 1640 5466 Augusti.

289 5376 360 5388 μ,-
367 5366 492 5385 ...Δ-..ιι-

320 5515 355 5587 *)
372 5515 430 5568 aa.
449 5509 574 5578 tentus.
674 5520 677 5525 ¹
