4868 6420
197 366 273 450 886

199 557 259 628 to,
281 546 363 640 quia
378 539 663 615 Mensnriorum
682 546 838 637 comperi
853 569 1016 636 magnam
1032 566 1106 615 esse
1127 568 1191 638 ne-

201 647 459 740 gligentiamin
475 649 604 718 nostris
630 649 742 718 literis
759 649 951 722 mittendis.
1001 647 1106 718 Nunc
1120 647 1193 717 uti·
1242 722 1245 730 ,

200 775 285 820 nam
307 750 346 818 in
361 747 552 821 Germania
567 749 664 819 Deus
688 750 792 820 tale‘m
810 753 869 820 det
887 750 1193 843 tranquillitatem,

202 867 243 924 ut
267 865 302 921 et
325 865 366 922 tu
389 877 431 922 ex
456 853 581 922 studiis
602 852 674 922 tuis
694 868 872 943 speratum
895 854 1051 922 fructum
1067 875 1193 943 capere

201 954 332 1045 possis,
358 966 393 1023 et
410 977 474 1023 nos
494 954 648 1023 amicitia
665 969 784 1023 nostra
800 954 872 1023 frui
890 954 1059 1046 utrinque
1082 953 1195 1045 possi-

202 1078 293 1129 mus.
344 1050 398 1124 Ac
415 1079 516 1146 spero
540 1056 684 1147 quidem
699 1053 815 1125 Deum
841 1056 1006 1125 daturum
1029 1068 1102 1124 esse
1125 1055 1193 1124 ali-

202 1180 272 1248 qua
304 1151 457 1247 hospitia
486 1157 677 1249 tranquilla
702 1153 869 1226 Ecclesiis
898 1158 980 1231 suis.
1035 1157 1192 1227 Salutem

202 1258 311 1326 dicito
334 1258 411 1327 viro
429 1259 631 1327 doctissimo
653 1255 697 1330 D.
713 1257 758 1331 D.
777 1250 1043 1356 Oldendorpio.
1095 1257 1193 1328 Beue

202 1373 236 1428 et
249 1357 398 1429 feliciter
413 1359 500 1432 vale.
537 1357 604 1429 Die
620 1358 855 1431 Salaminicae
870 1361 1055 1446 victoriae,
1080 1362 1117 1430 id
1134 1350 1195 1446 est,

200 1461 263 1534 20.
280 1455 442 1550 Augusti.

869 1724 1185 1748 *nunno-mm

202 1917 398 2050 Q.
1037 1929 1195 2050 affl.

473 2107 622 2193 Iooclt.
655 2104 916 2194 Camerario.

247 2288 331 2361 Epist.
350 2289 383 2343 ad
401 2289 541 2347 Gamerae.
558 2310 585 2363 p.
599 2290 660 2369 529.
677 2288 843 2359 (ed.‘1.ond.
856 2290 902 2345 tib.
914 2289 963 2345 lv.
982 2307 1025 2361 ep.
1043 2289 1125 2355 678.).

201 2439 428 2520 Clarissimo
454 2447 532 2518 ciro
553 2442 756 2519 eruditione
780 2456 812 2518 et
833 2445 961 2517 virtute
985 2446 1196 2544 praestanti

214 2543 463 2621 Iooekimo
487 2538 763 2621 Camerario
786 2544 1030 2644 Pobergensi,
1061 2548 1181 2621 amico

579 2675 647 2722 suo
679 2676 807 2726 earrss.

201 2764 244 2857 S.
262 2781 309 2860 D.
357 2781 502 2877 Hospiti
517 2809 596 2854 meo
611 2783 787 2882 Hispano
795 2777 832 2881 ⁴⁵)
849 2783 925 2854 viro
941 2782 1121 2876 prudenti,
1135 2782 1193 2849 in-

202 2903 319 2979 tegro,
352 2884 527 2980 θεοσεβεῖ
549 2888 643 2955 diem
666 2889 833 2958 dixerunt
854 2887 894 2954 in
916 2884 1059 2976 Belgico
1082 2883 1193 2978 Syco-

201 2986 355 3083 phantae
371 2989 477 3060 etiam
494 2989 640 3058 absenti.
692 2985 741 3059 Et
761 3013 802 3059 ex
817 2988 956 3058 dierum
971 3011 1120 3057 numero
1134 3009 1192 3055 ra-

201 3093 417 3163 tiocinamur
438 3091 509 3160 iam
526 3090 633 3160 latam
653 3114 725 3160 esse
739 3091 961 3162 sententiam.
1013 3086 1062 3159 Ut
1084 3087 1193 3177 igitur

199 3193 360 3287 inquirat
388 3187 474 3261 haec
504 3206 540 3262 et
568 3192 782 3274 sciscitetur,
816 3217 903 3261 num
929 3193 974 3260 ad
998 3214 1034 3259 se
1055 3190 1192 3258 litterae

200 3296 291 3367 istuc
311 3294 437 3362 missae
452 3293 541 3378 sint,
566 3295 612 3362 ad
629 3317 693 3363 vos
708 3296 884 3387 profectus
900 3306 962 3364 est.
1012 3289 1106 3360 Dedi
1127 3315 1191 3359 au-

200 3410 273 3469 tem
289 3395 319 3465 ei
337 3394 540 3485 epistolam,
562 3409 596 3464 et
617 3408 657 3463 ut
672 3419 827 3465 caussam
845 3395 981 3464 itineris
997 3393 1108 3483 ipsius
1123 3393 1191 3461 sci-

199 3523 273 3584 res,
299 3510 334 3566 et
348 3496 431 3590 quia
448 3496 541 3565 affici
563 3510 597 3566 te
615 3497 791 3566 bonorum
806 3495 965 3566 virorum
982 3494 1190 3566 calamitati-

196 3599 373 3672 busseio.
431 3593 510 3690 lpse
535 3598 618 3668 satis
640 3599 725 3668 forti
748 3600 867 3667 animo
888 3613 958 3683 est,
991 3598 1054 3668 etsi
1077 3597 1191 3666 inter-

80 3738 83 3744 ,
200 3702 298 3774 cludi
320 3700 388 3770 sibi
401 3700 554 3770 reditum
570 3702 613 3769 ad
635 3714 798 3791 parentes
814 3701 901 3771 etin
917 3701 1066 3791 patriam
1080 3699 1189 3770 videt.

199 3804 272 3878 Sed
288 3816 404 3870 tamen
419 3813 604 3892 parentum
614 3801 718 3872 luctu
730 3803 895 3872 etdolore
910 3817 1081 3872 movetur.
1107 3799 1188 3868 Non

200 3906 314 3976 multo
338 3904 441 3973 aliter
463 3903 501 3972 in
518 3926 589 3972 ‚nos
603 3902 682 3971 'iam
703 3899 939 3998 sycophantae
954 3904 1013 3974 isti
1028 3914 1190 3972 exercent

200 4006 447 4102 tyrannidem,
471 4029 576 4097 quam
593 4004 735 4093 triginta
752 4006 806 4074 illi
821 3999 974 4074 Athenis
989 4007 1027 4074 in
1042 4028 1124 4074 suos
1139 4004 1190 4073 ci-

198 4133 261 4179 ves
275 4108 468 4179 seviebant.
508 4105 591 4177 Sed
604 4103 701 4175 Deus
716 4107 869 4177 servabit
891 4120 924 4176 et
939 4104 1116 4178 Ecclesiae
1132 4130 1190 4174 re-

191 4211 346 4305 liquias,
372 4221 406 4278 et
418 4208 537 4301 aliqua
553 4206 734 4278 doctrinae
749 4208 940 4283 domicilia.

247 4464 249 4476 ἱ
298 4386 576 4488 Καταστροφὴν
591 4406 785 4464 conventus
800 4391 1029 4479 Germanici,
1044 4394 1105 4487 qui
1121 4393 1190 4463 fuit

197 4497 239 4567 in
260 4497 350 4566 urbe
370 4489 412 4566 V
408 4491 632 4586 angiorum,
657 4518 759 4566 nosse
776 4510 809 4566 te
830 4497 971 4588 opinor.
1028 4494 1101 4565 Nos
1126 4497 1189 4564 de-

158 4684 160 4690 ·
198 4611 334 4670 cretum
363 4608 477 4666 totum
505 4596 665 4686 legimus.
726 4593 781 4667 De
803 4596 949 4692 Synodo
974 4594 1188 4667 Tridentina

196 4721 342 4792 prorsus
357 4697 539 4767 silentium
554 4712 614 4784 est.
666 4690 828 4768 Carolus
841 4697 995 4772 Romam
1013 4698 1107 4770 misit
1116 4696 1188 4767 Lo-

197 4800 365 4870 vaniense
380 4800 574 4872 decretum.
590 4794 592 4798 ’
626 4796 668 4868 ld
681 4797 818 4872 Romae
838 4824 1003 4871 excusum
1019 4801 1113 4894 typis
1130 4800 1188 4867 di-

196 4903 306 4986 citur,
321 4901 567 4972 circumfertur
583 4924 666 4989 ergo
682 4915 850 4996 tanquam
866 4901 1002 4997 Synodi
1020 4893 1187 4997 προβού-

196 5007 325 5095 λευμα.
369 4999 489 5095 ,Bene
520 5003 618 5091 vale,
658 5003 716 5074 die
748 5002 963 5076 Salaminiae
996 5002 1188 5089 Victoriae,

193 5102 274 5180 XX.
290 5098 382 5194 Aug.
537 5104 544 5135 ⁵

756 5186 945 5300 Philippus
958 5203 1135 5278 Melanth.

193 5430 398 5444 m*

225 5541 255 5614 ³¹)
273 5543 419 5598 Francisco
434 5542 592 5618 Dryaudro.

604 326 607 338 ’
787 350 1229 465 ar‘xsrdraauu
1281 369 1477 451 maxx.
1529 371 1665 450 cete.

2161 371 2233 448 886

2085 547 2234 635 eoam

2060 655 2227 687 Μ

1245 544 1312 621 No.
1329 547 1443 621 sest.
1482 521 1485 524 ’
1577 571 1579 574 ⁴

1251 657 1423 688 W

1491 763 1495 770 ’
1528 771 1629 889 Cplc.
1661 807 1691 862 a
1722 773 1963 863 Carlowitz.

1315 938 1451 994 Praefatio
1472 941 1502 994 iu
1527 939 1641 993 librnmt
1677 937 1776 992 Oratio
1801 937 1823 990 L
1843 939 1918 1008 curgi
1947 941 2042 992 contra
2067 939 2234 1006 laomtern,

1349 1028 1462 1078 graece,
1482 1029 1543 1065 cum
1564 1009 1648 1079 praef.
1668 1008 1734 1062 Mel.
1754 1008 1787 1060 ad
1832 1048 1838 1063 .
1858 1007 2016 1061 Carlowite.
2053 1009 2148 1061 Viteb.
2162 1010 2233 1064 1545.

1349 1080 1374 1128 ll.
1393 1078 1458 1148 opt.
1478 1109 1513 1119 -
1549 1077 1651 1131 ltemm
1665 1075 1792 1131 Francos.
1807 1076 1840 1128 ad
1858 1074 1952 1128 Moen.
1966 1095 2015 1146 per
2030 1075 2106 1130 Petr.
2117 1076 2233 1139 Brubacb

1351 1149 1426 1200 15⁵4.
1444 1151 1486 1220 8„
1504 1164 1533 1200 ex
1546 1165 1601 1217 quo
1614 1146 1685 1200 libro
1701 1145 1862 1216 descriptae
1876 1145 1998 1212 luneio,
2015 1143 2061 1200 bic
2073 1145 2138 1199 data
2149 1156 2196 1199 est.

1247 1318 1472 1398 Clarissimo
1491 1288 1600 1412 niro,
1642 1324 1836 1396 nobilitate
1865 1324 2010 1420 generis
2041 1337 2074 1396 et
2115 1327 2236 1400 virtute

1244 1430 1471 1528 praestanti,
1506 1413 1564 1499 D.
1599 1419 1948 1524 Christophoro
1979 1454 2005 1498 a
2033 1422 2235 1502 Carolu-

1363 1534 1491 1618 witz,
1517 1527 1719 1629 Philippus
1744 1524 1978 1601 Melanthon
2005 1527 2047 1600 S.
2072 1527 2130 1602 D.

1247 1684 1365 1797 Saepe
1391 1703 1514 1797 quaeri
1538 1705 1629 1773 solet
1652 1702 1691 1771 in
1723 1714 1820 1771 tanta
1851 1701 2096 1773 imbecillitate
2123 1698 2237 1774 horni-

1247 1832 1354 1887 num,
1376 1830 1421 1874 an
1444 1819 1571 1875 natura
1594 1818 1731 1874 tantum
1753 1817 1920 1892 regantur
1945 1799 2137 1875 hominum
2162 1830 2234 1875 rno-

1247 1933 1323 1993 res,
1347 1921 1387 1976 ut
1409 1908 1555 1977 dicitur:
1582 1903 1737 2003 Naturae
1759 1905 1918 1997 sequitur
1938 1906 2075 1975 semina
2092 1907 2236 2001 quisque

1246 2034 1347 2095 suae3
1371 2032 1417 2078 an
1431 2033 1516 2077 vero
1532 2009 1637 2078 etiam
1654 2007 1814 2078 doctrina
1831 2022 1864 2079 et
1880 2007 2070 2098 disciplina
2087 2009 2182 2081 flecti
2196 2009 2238 2080 ad

1246 2113 1413 2182 virtutem
1433 2110 1573 2199 ingenia
1594 2111 1741 2200 possint.
1793 2107 1874 2198 Qua
1888 2111 1932 2178 de
1949 2133 1988 2178 re
2013 2105 2074 2179 hic
2099 2112 2237 2203 quidem

1247 2216 1388 2303 longam
1404 2211 1681 2301 disputationem
1699 2209 1882 2280 instituere
1903 2211 2005 2279 nolo:
2032 2225 2176 2282 tantum
2198 2214 2239 2282 de

1246 2316 1314 2386 Dei
1335 2315 1467 2384 iudicio
1492 2328 1526 2382 et
1540 2314 1723 2383 voluntate
1737 2313 1892 2385 ,lectores
1913 2315 2239 2390 commonefaciam.

1245 2416 1323 2488 Etsi
1350 2402 1475 2504 magna
1500 2428 1552 2483 est
1583 2415 1769 2484 infirmitas
1799 2408 1972 2483 humana:
2009 2428 2134 2485 tamen
2162 2441 2237 2486 cum

1244 2517 1341 2589 Deus
1366 2517 1581 2610 praeceperit
1611 2517 1724 2586 excoli
1750 2511 1911 2603 homines
1940 2517 2110 2586 doctrina
2144 2531 2177 2588 et
2197 2518 2237 2588 ad

1245 2621 1414 2690 virtutem
1428 2617 1623 2702 assuefieri,
1639 2641 1778 2688 necesse
1791 2631 1842 2687 est
1857 2619 2033 2687 culturam
2048 2619 2155 2688 illam
2171 2643 2237 2690 non

1245 2744 1391 2815 prorsus
1413 2719 1579 2790 inutilem
1600 2743 1690 2807 esse,
1723 2718 1927 2812 praesertim
1947 2719 1988 2788 in
2012 2736 2148 2793 natura
2169 2745 2238 2791 non

1245 2827 1406 2896 distorta.
1470 2819 1623 2909 Quoties*
1645 2847 1714 2890 vox
1745 2821 1867 2903 divina
1898 2820 2095 2912 praecipit,
2134 2823 2238 2914 legem

1245 2951 1319 2996 non
1340 2926 1456 3001 solum
1480 2914 1588 3014 saepe
1603 2923 1763 3003 recitari,
1786 2925 1845 2991 scd
1871 2921 1977 2991 etiam
1997 2923 2037 2991 in
2053 2925 2238 2995 vestibulis

1244 3029 1385 3099 aedium
1401 3025 1527 3110 scribi,
1553 3038 1587 3094 et
1607 3025 1645 3093 in
1669 3025 1807 3095 tabellis
1820 3019 1985 3114 scriptam
2004 3026 2236 3107 circumferri,

1243 3143 1284 3200 ut
1307 3129 1518 3219 cogitatione
1539 3127 1614 3195 eius
1632 3128 1818 3197 frenentur
1834 3125 1946 3195 animi
1960 3141 1995 3197 et
2011 3130 2238 3200 conformen-

1244 3247 1313 3304 tur.
1364 3230 1549 3299 Pertinent
1565 3230 1682 3297 autem
1696 3231 1741 3297 ad
1760 3227 1899 3297 virtutis
1914 3229 2121 3298 doctrinam
2139 3232 2237 3301 etiam

1243 3329 1439 3403 Oratorum
1463 3331 1612 3422 scripta,
1641 3331 1705 3423 qui
1737 3354 1817 3400 cum
1841 3329 2011 3398 scelerum
2043 3332 2237 3424 turpitudi-

1242 3459 1343 3520 nem,
1369 3449 1404 3505 et
1421 3435 1526 3502 decus
1542 3433 1701 3517 virtutis,
1727 3432 1888 3520 oratione
1903 3447 2138 3522 exaggerant,
2162 3449 2237 3506 tan-

1242 3562 1348 3630 quam
1368 3535 1519 3605 fulmina
1543 3534 1580 3600 in
1603 3535 1788 3603 sceleratos
1807 3545 1994 3625 torquent;
2020 3535 2143 3606 bonos
2158 3561 2235 3607 vero

1240 3641 1286 3709 ad
1302 3662 1457 3708 amorem
1474 3637 1700 3737 studiumque
1723 3631 1952 3705 honestarum
1973 3659 2099 3707 rerum
2120 3664 2236 3709 accen·

1241 3743 1342 3812 dunt.
1400 3734 1446 3809 Et
1471 3761 1597 3826 magna
1621 3752 1672 3806 est
1695 3737 1935 3827 exemplorum
1958 3737 1997 3804 in
2015 3741 2236 3811 orationibus

1242 3843 1341 3933 copia
1357 3854 1392 3909 et
1405 3842 1573 3922 varietas,
1600 3863 1639 3906 ac
1655 3841 1698 3907 de
1713 3838 1842 3908 caussis
1857 3838 2018 3908 omnium
2036 3842 2233 3913 officiorum

1240 3944 1351 4014 multa
1365 3941 1621 4033 sapientissime
1637 3942 1814 4027 dicuntur.
1861 3937 2024 4026 Quacum
2044 3968 2169 4014 rerum
2182 3969 2237 4014 co-

1241 4046 1363 4135 gitatio
1387 4044 1558 4113 virtutum
1586 4044 1722 4110 semina
1737 4043 1775 4110 in
1793 4041 1971 4111 mentibus
1994 4057 2029 4114 et
2052 4047 2185 4118 excitat
2205 4058 2235 4116 et

1242 4147 1364 4219 nutrit.
1415 4143 1519 4214 Nunc
1540 4143 1648 4232 igitur
1670 4138 1761 4212 hanc
1776 4143 1929 4236 Lycurgi
1945 4144 2152 4216 orationem
2165 4149 2235 4218 edi-

1241 4250 1298 4332 di,
1331 4270 1421 4341 quae
1443 4248 1486 4316 de
1511 4246 1656 4336 pietate,
1692 4269 1797 4338 quam
1820 4259 1903 4315 strae
1926 4246 2082 4339 quisque
2110 4253 2235 4341 patriae

1241 4353 1330 4418 bene
1344 4361 1500 4416 moratae
1517 4347 1637 4430 debet,
1664 4348 1865 4416 dulcissime
1881 4347 2131 4432 concionatur.
2170 4349 2234 4422 Ac·

1240 4463 1338 4520 cusat
1354 4449 1448 4518 enim
1462 4446 1645 4543 Lycurgus
1662 4449 1887 4539 perfidiosum
1905 4448 2036 4534 civem,
2050 4454 2137 4545 qui,
2161 4478 2233 4525 cum

1239 4548 1475 4624 Athenienses
1506 4552 1683 4619 decretum
1715 4552 1880 4620 fecissent
1906 4563 1986 4641 post
2019 4553 2163 4625 cladem
2193 4555 2230 4624 ed

1238 4649 1482 4726 Chaeroneam
1513 4665 1707 4743 acceptam,
1746 4676 1792 4721 ne
1819 4653 1999 4742 desperata
2031 4657 2232 4727 defensione

1238 4757 1388 4848 patriam
1407 4755 1732 4838 civesdesererent,
1759 4747 1911 4824 Athenis
1926 4753 2087 4842 fugerat,
2116 4774 2152 4831 et
2174 4781 2231 4842 res,

1239 4882 1329 4952 quae
1352 4858 1390 4926 in
1409 4879 1517 4927 naves
1535 4855 1674 4948 imponi
1689 4868 1871 4944 poterant,
1896 4871 2080 4944 avexerat,
2109 4861 2231 4931 deinde

1238 4983 1323 5029 vero
1349 4984 1429 5028 cum
1450 4957 1520 5025 iam
1536 4951 1738 5028 Alexander
1756 4957 1891 5028 bellum
1914 4955 1953 5025 in
1970 4953 2099 5029 Asiam
2124 4979 2232 5035 trans-

1239 5062 1394 5141 tulisset,
1435 5073 1469 5129 et
1500 5059 1538 5126 in
1560 5053 1677 5129 Attica
1700 5083 1836 5129 summa
1867 5060 2113 5153 tranquillitas
2139 5052 2231 5145 esset,

1238 5158 1398 5234 Athenas
1426 5160 1588 5232 redierat.
1646 5159 1690 5228 ln
1718 5154 1787 5231 hoc
1811 5161 1992 5231 luculento
2026 5180 2231 5254 argumento

1238 5266 1377 5359 sapiens
1392 5277 1512 5332 orator
1524 5262 1728 5352 gravissime
1742 5264 1863 5347 docet,
1889 5261 1981 5332 vitae
1997 5280 2147 5338 nostrae
2160 5271 2231 5339 fru-

1238 5380 1331 5436 ctum
1355 5366 1476 5436 deberi
1497 5363 1684 5455 praecipue
1706 5363 1768 5449 iis,
1801 5389 1821 5434 a
1844 5364 1974 5458 quibus
1997 5390 2077 5436 eam
2099 5371 2231 5464 accepi-

1235 5494 1333 5553 mus,
1357 5467 1490 5538 scilicet
1507 5465 1713 5556 parentibus
1737 5478 1771 5536 et
1793 5465 1938 5558 patriae.
1988 5464 2153 5544 Nomine
2174 5498 2232 5545 au·
