4868 6420
267 305 344 389 stt
744 349 749 357 ι
854 292 1294 375 EPISTOLARUM
1346 296 1543 376 urunt.
1595 295 1732 377 1544.
2234 295 2313 372 sm

270 484 329 559 cui
346 501 410 551 vos
434 476 548 571 priori
567 470 717 547 scholae'
728 472 1020 564 gubernationem
1035 470 1263 541 commenda·
1316 495 1413 558 care,
1447 473 1478 541 si
1497 470 1585 563 quid
1609 471 1847 542 adiiciendum
1871 472 1917 542 sit
1939 473 1984 540 ad
2003 473 2185 543 ducentos.
2234 466 2311 542 Re-

270 580 544 677 stis,pmbabili
557 578 724 662 consilio,
738 589 778 660 ut
794 598 868 646 non
885 576 1030 654 dubito,
1056 587 1265 656 excuterem,
1289 572 1292 659 ἓ
1316 575 1468 666 signavit
1488 570 1655 644 Sabinus
1685 575 1819 643 litteras
1843 575 1888 643 ad
1918 596 1983 643 nos
2013 573 2181 665 scriptas,
2213 574 2309 666 quod

271 688 433 762 divinam
450 683 669 753 vocationem
688 679 958 761 conturbarem,
985 689 1021 747 et
1036 670 1175 744 bomini
1198 669 1266 743 ho·
1290 678 1293 757 ᾗ
1316 679 1449 746 nollem
1463 677 1612 761 iactum,
1639 689 1673 745 et
1692 677 1833 760 scribit,
1858 700 1894 747 se
1908 676 2103 767 petiturum
2117 675 2233 746 maius
2247 675 2311 746 sti-

271 804 371 863 nesto
388 785 598 858 beneficium
613 797 768 852 vestrum
784 782 966 871 eriperem.
1017 775 1114 847 Haec
1143 791 1266 872 tyran·
1289 767 1293 851 l
1317 780 1508 871 pendium,
1541 802 1582 848 ac
1605 781 1846 869 profecturum
1870 800 1943 846 esse
1968 779 2013 845 ad
2035 778 2174 852 ducem.
2230 772 2311 848 Etsi

271 894 352 965 nica
373 914 439 960 nec
454 891 580 958 decent
599 909 673 969 me,
699 907 764 952 nec
780 896 980 971 congruunt
997 894 1143 951 naturae
1158 902 1266 948 meae.
1289 856 1293 913 l
1318 878 1407 950 milri
1431 881 1621 972 displicent
1639 875 1742 966 baec,
1767 894 1885 951 tamen
1902 903 1977 949 non
1992 879 2160 970 impedio.
2187 873 2311 972 ὀρθὸν

273 995 364 1069 Nam
381 991 495 1086 qualis
506 988 621 1082 qualis
636 1011 733 1068 sum,
759 997 851 1054 certe
859 981 889 1078 ²)
906 968 1151 1075 aequalitatem
1168 981 1267 1050 illam
1317 972 1356 1056 δ’
1377 979 1433 1054 ὅτι
1449 978 1504 1055 δῶ
1519 978 1576 1064 τὶς
1589 976 1746 1069 ἐπαίνει,
1772 983 1861 1052 solet
1879 982 1985 1071 vulgo
2001 980 2091 1066 dici,
2116 1005 2157 1051 ac
2171 981 2311 1067 vellem,

272 1121 380 1193 quam
405 1091 539 1164 iustitia
566 1088 766 1171 constituit,
792 1111 884 1156 amo.
934 1082 986 1156 Ac
1013 1109 1108 1154 nunc
1137 1107 1265 1152 enarro
1318 1087 1493 1179 siquidem
1533 1088 1692 1155 deserere
1735 1080 1936 1155 Marchiam
1982 1084 2073 1153 serio
2115 1082 2311 1164 coustituit,

177 1183 195 1217 '¹
273 1199 439 1295 quintum
453 1183 685 1274 Etbicorum,
710 1189 775 1259 ubi
796 1191 840 1257 de
862 1183 929 1257 hac
952 1187 1162 1281 aequalitate
1185 1209 1265 1254 cum
1318 1214 1399 1258 eurn
1428 1192 1502 1257 non
1531 1189 1709 1257 offendere
1745 1187 1848 1257 initio
1879 1187 2098 1257 voluntatem
2128 1185 2311 1277 principis.

273 1302 344 1373 alia
373 1298 486 1367 multa
516 1318 594 1365 sum
624 1286 910 1383 concionatus³)‚
945 1303 1020 1359 tum
1048 1284 1133 1358 haec
1159 1288 1265 1356 etiam
1318 1288 1366 1361 Et
1388 1287 1454 1360 hoc
1477 1315 1595 1361 meum
1615 1289 1804 1358 consilium
1825 1289 1856 1357 ei
1878 1302 1979 1358 antea
1996 1288 2201 1376 significavi.
2239 1286 2311 1358 Sed

254 1403 363 1474 'dixit
396 1402 476 1469 ideo
495 1397 668 1466 virtutum
689 1393 943 1484 descriptiones
966 1392 1071 1460 nobis
1095 1390 1268 1459 divinitus
1311 1394 1436 1471 ¹nescio
1462 1416 1507 1461 an
1533 1387 1623 1461 mibi
1644 1393 1690 1460 sit
1705 1393 2030 1482 obtemperaturus,
2058 1390 2232 1460 excruciat
2254 1413 2311 1458 me

273 1514 488 1576 monstratos
515 1521 606 1581 esse,
649 1510 692 1567 ut
718 1497 803 1566 inde
831 1496 1026 1578 discamus,
1078 1493 1193 1585 qualis
1222 1489 1268 1560 sit
1319 1519 1402 1564 sane
1426 1495 1499 1564 suis
1526 1493 1695 1566 consiliis.
1754 1490 1949 1585 Composui
1981 1492 2090 1582 igitur
2113 1489 2312 1583 Epistulam

273 1607 382 1680 Deus.
442 1599 533 1672 Cum
562 1599 697 1669 iustitia
728 1599 775 1668 sit
811 1596 1023 1691 aequalitas,
1059 1595 1209 1663 sciamus
1236 1605 1270 1661 et
1319 1599 1364 1667 ad
1382 1595 1537 1680 Ducem,
1563 1609 1603 1665 ut
1623 1611 1656 1666 te
1681 1597 1853 1675 levarem,
1880 1619 1954 1663 non
1976 1594 2153 1664 scribendi
2178 1593 2313 1679 labore,

275 1708 391 1781 Deum
408 1703 588 1797 aequalem
606 1725 678 1769 esse
693 1701 860 1770 omnibns
875 1723 955 1775 eum
971 1695 1218 1768 invocantibus
1228 1690 1269 1789 ⁴).
1320 1700 1379 1768 sed
1397 1698 1559 1768 molestia
1575 1698 1797 1787 cogitationis
1808 1698 1851 1765 de
1871 1721 1908 1764 re
1924 1697 2088 1766 absurda.
2137 1694 2221 1766 Mea
2237 1696 2312 1765 lor·

274 1810 358 1882 Non
371 1808 570 1879 tribuamus
586 1803 619 1872 ei
635 1803 916 1897 tyranni-demut
932 1801 1090 1893 quidam,
1105 1799 1167 1892 qui
1183 1793 1269 1866 bor·
1319 1824 1376 1869 rna
1392 1801 1440 1869 sic
1455 1800 1539 1871 satis
1553 1803 1749 1869 verecunde
1765 1800 1892 1891 scripta
1911 1813 1974 1879 est,
1996 1822 2060 1868 uec
2073 1797 2181 1867 velim
2197 1789 2313 1893 ἁδρό-

205 1929 212 1935 “
274 1913 389 1984 ridius
420 1912 464 1979 de
494 1905 665 1977 electione
704 1906 893 1977 disserunt.
953 1901 1023 1973 Sed
1054 1897 1139 1969 baec
1172 1899 1268 1971 alias.
1319 1927 1408 1998 τερα
1429 1903 1548 1976 scribi.
1600 1900 1640 1972 Si
1663 1903 1831 1993 placebit,
1865 1901 2032 1970 ascribito
2052 1914 2154 1971 tuum
2179 1923 2312 1970 nomen

275 2014 381 2086 Nunc
395 2026 429 2082 te
448 2032 552 2100 rogo,
579 2009 620 2077 ut
635 2031 752 2090 cures,
779 2032 823 2075 ne
847 2007 896 2090 is,
920 2004 979 2074 'cni
998 2016 1115 2073 vestro
1135 2001 1268 2070 iudicio
1321 2020 1353 2075 et
1376 2005 1533 2094 obsigna.
1586 2000 1685 2074 Audi
1708 2004 1806 2073 aliud
1829 2002 1930 2098 (mea
1953 2003 2097 2096 quidem
2120 1997 2313 2098 sententia)

275 2112 396 2188 schola
418 2111 662 2183 commendata
685 2124 755 2192 est,
798 2109 1018 2179 detrmlatur.
1058 2101 1154 2193 Ego
1178 2110 1269 2173 certe
1320 2099 1567 2202 ἀτοπώτερον.
1619 2104 1722 2177 Vidit
1741 2106 1779 2174 in
1798 2106 1928 2174 nostris
1954 2105 2080 2175 litteris·
2105 2104 2183 2174 dari
2205 2106 2314 2199 quin.

276 2243 356 2289 eum
380 2210 852 2286 eiicieasunctionenolim.
904 2207 1042 2278 lustitia
1066 2220 1135 2287 est.
1166 2230 1268 2275 suum
1320 2207 1626 2304 quagintaViatici
1641 2209 1797 2291 nomine,
1813 2208 1850 2276 id
1867 2208 1936 2277 iam
1951 2207 2107 2298 postulat
2121 2206 2191 2276 sibi
2204 2205 2313 2295 mitti,

275 2337 394 2393 tenere
424 2310 682 2410 quenquam⁵).
740 2310 903 2381 inveniet
926 2304 1097 2379 Rosinus
1126 2310 1164 2377 in
1198 2307 1268 2376 alio
1321 2312 1421 2406 quasi
1438 2310 1611 2403 acceperit
1626 2311 1857 2383 functionem.
1896 2307 2033 2380 Iudicio
2050 2307 2225 2380 iniustum
2240 2331 2314 2379 esse

275 2425 355 2494 loco
378 2419 596 2490 functionem
621 2411 824 2493 honestam,
851 2437 921 2506 qua
946 2414 984 2480 in
1004 2436 1041 2481 re
1061 2435 1142 2479 eum
1166 2410 1269 2479 adiu-
1320 2438 1416 2483 nunc
1442 2437 1522 2482 eum
1548 2412 1715 2504 accipere.
1772 2410 1885 2505 quue
1915 2411 1948 2480 ei
1977 2411 2193 2502 significabo,
2254 2408 2315 2483 Tu

245 2581 251 2585 -
274 2525 385 2607 rabo,
408 2515 524 2611 non⁸)
546 2542 606 2585 ero
621 2517 782 2600 adiutor,
804 2528 845 2585 ut
860 2508 970 2585 alium
986 2528 1059 2584 arte
1084 2526 1145 2582 aut
1167 2512 1206 2581 vi
1227 2533 1269 2580 ex
1320 2529 1467 2608 propter
1496 2538 1652 2584 amorem
1683 2537 1762 2605 erga
1792 2537 1849 2582 me
1879 2526 1982 2583 tuum
2011 2527 2046 2585 et
2069 2512 2313 2585 misericordia

275 2624 460 2698 vocatione
475 2618 631 2707 legitima
646 2618 807 2690 excutiat.
1321 2619 1413 2687 filiae
1439 2641 1537 2686 meae
1557 2618 1595 2684 in
1619 2640 1699 2686 eum
1714 2641 1749 2686 es
1766 2616 2019 2706 indulgentior.
2069 2614 2139 2687 Sed
2160 2615 2315 2687 ubicun-

379 2722 521 2795 Gratias
544 2744 608 2810 ago
632 2720 754 2789 amicis
776 2713 867 2787 mibi
882 2720 1029 2788 salutem
1049 2717 1269 2807 o'ptantibus;
1323 2744 1391 2813 que
1405 2720 1489 2799 erit,
1512 2719 1650 2789 utinam
1666 2719 1781 2789 studia
1798 2742 1837 2787 ac
1855 2718 2140 2787 benevolentiam
2156 2719 2315 2809 pruden-

276 2853 360 2900 nam
389 2839 590 2897 sanctornm
621 2844 739 2913 preces
761 2822 881 2911 magni
904 2823 1004 2891 facio.
1062 2816 1269 2889 Rescribam
1322 2837 1418 2903 turn,
1443 2822 1578 2895 diutiss.
1600 2821 1771 2907 retineat,
1805 2845 1844 2889 ac
1867 2845 1937 2913 quo
1958 2821 2141 2904 tendebat,
2165 2820 2315 2892 ihitor-

277 2928 416 3004 consuli
432 2929 536 3008 alias,
560 2939 593 2994 et
614 2924 769 2992 vicissim
787 2949 849 2993 oro
865 2921 1002 3008 Deum,
1029 2936 1069 2992 nt
1084 2944 1147 2990 vos
1160 2935 1195 2990 et
1210 2943 1272 2989 ve·
1323 2939 1413 2995 tasse
1430 2925 1548 2993 minus
1565 2937 1735 2995 tueretur.
1786 2921 1876 2992 Nam
1898 2936 2023 2992 natura
2046 2917 2314 2994 eiusmihiiam

277 3049 388 3105 stram
414 3029 594 3099 ecclesiam
619 3027 792 3113 gubernet
817 3038 852 3096 et
876 3039 1001 3099 servet.
1060 3022 1158 3093 Bene
1185 3022 1272 3094 vale.
1324 3027 1408 3097 satis
1431 3039 1611 3118 perspecta
1635 3039 1706 3109 est,
1738 3037 1773 3094 et
1795 3037 1830 3095 te
1853 3021 2035 3094 bominem
2058 3019 2315 3117 philosophum

281 3131 338 3209 15.
354 3132 458 3204 Febr.
478 3153 572 3200 anno
592 3124 703 3202 1544.
803 3214 809 3219 .
1324 3128 1460 3198 moveri
1480 3127 1587 3196 velim
1610 3126 1766 3196 siderum
1791 3126 1919 3218 positu.
1976 3124 2094 3196 Habet
2115 3127 2155 3196 in
2178 3126 2317 3217 virgine

994 3223 1060 3301 Pb.
1085 3226 1172 3300 Mel.
1325 3231 1533 3301 coniunctos
1554 3228 1749 3299 Saturnum
1775 3243 1810 3298 et
1824 3227 1977 3298 Martem
2004 3229 2042 3297 in
2055 3243 2179 3321 quarta
2195 3230 2319 3305 domo.-

1326 3328 1385 3403 An
1414 3345 1454 3402 tu
1483 3327 1645 3401 Astream
1670 3332 1719 3421 sic
1742 3331 1907 3400 afflictam
1931 3355 2006 3400 non
2035 3353 2173 3419 gemere
2203 3344 2316 3423 putas.

294 3451 1265 3474 -fflfflffl
1326 3426 1540 3530 ἀφιλόσοφα
1556 3434 1650 3502 enim
1667 3427 1730 3504 καὶ
1745 3425 1920 3528 φιλότιμα
1933 3426 2012 3517 bis,
2038 3445 2073 3503 et
2096 3433 2165 3503 alia
2184 3432 2317 3504 similia

320 3533 323 3537 ⁵
1168 3596 1229 3659 Η
1268 3560 1272 3566 ·
1324 3537 1577 3626 significantur.
1637 3534 1773 3608 Vereor
1800 3549 1833 3604 et
1860 3534 2118 3604 confractiones
2141 3533 2316 3627 patrimo-

279 3599 474 3729 ψ·
1072 3597 1273 3718 (w
1323 3640 1467 3708 niomrn
1493 3638 1691 3728 significari.
1743 3636 1927 3708 Postremo
1952 3631 2175 3708 scholasticas
2189 3658 2316 3727 operas

1323 3741 1478 3824 fastidit,
1511 3741 1628 3808 aulam
1654 3753 1690 3809 et
1715 3738 1907 3828 legationes
1929 3739 2073 3830 appetit.
2128 3735 2231 3828 Quae
2250 3736 2317 3808 etsi

1324 3855 1408 3913 sunt
1429 3843 1583 3932 speciosa
1607 3855 1643 3911 et
1663 3842 1728 3929 tibi
1749 3842 1927 3933 praeclara
1950 3841 2063 3911 videri
2087 3863 2163 3910 non
2179 3840 2317 3931 ignoro,

347 3942 673 4020 Epist.a‹tc·merar.p.
687 3939 818 4012 tttsqq.
832 3939 886 4010 (ed.
901 3939 992 3995 Lond.
1008 3936 1204 4010 ¹V·²t·³¹4·)·
1325 3958 1441 4014 tamen
1465 3945 1509 4012 de
1535 3957 1665 4013 eventu
1687 3968 1762 4012 non
1785 3967 1930 4035 possum
1953 3968 2028 4012 non
2045 3966 2118 4013 esse
2132 3942 2317 4016 sollicitus.

1323 4045 1421 4115 Haec
1444 4070 1519 4114 non
1541 4046 1656 4114 scribo
1681 4046 1786 4114 aliam
1809 4047 1856 4114 ob
1878 4068 2052 4130 caussam,
2077 4044 2148 4113 nisi
2165 4058 2207 4115 ut
2221 4044 2318 4137 cogi-

1324 4162 1376 4218 tes
1404 4148 1441 4216 in
1473 4170 1515 4217 eo
1545 4148 1846 4232 commendando,
1871 4171 1937 4216 nos
1968 4171 2042 4216 non
2070 4159 2236 4238 oportere
2262 4145 2317 4218 uti

550 3778 703 3863 Ioach.
738 3773 998 3864 Camerario.

279 4102 441 4183 Clariss.
473 4101 552 4174 viro
588 4093 790 4168 eruditione
828 4106 860 4168 et
903 4096 1032 4166 virtute
1064 4094 1278 4192 praestanti

281 4202 526 4282 Ioachimo
568 4192 846 4320 Camerarip
881 4193 1107 4294 Pubergensi
1154 4223 1275 4269 antico
1323 4249 1482 4344 μακροῖς
1510 4245 1646 4330 αὐλοῖς.
1704 4247 1873 4319 Νοδιωη1
1908 4249 2052 4342 quidem
2084 4261 2155 4332 est,
2187 4248 2316 4320 fam

665 4327 734 4375 ⁸¹¹⁰
758 4324 887 4373 ‘⁰73⁸‘
1016 4437 1024 4454 ·
1325 4347 1408 4421 eius'
1434 4353 1653 4422 mentionem
1684 4374 1757 4420 esse
1787 4354 1832 4420 ad
1865 4353 1990 4423 ducem
2015 4344 2225 4437 Alber’tum,
2255 4351 2317 4421 sed

280 4425 323 4522 S.
346 4441 393 4518 D.
444 4440 533 4511 Heri
565 4439 688 4508 eadem
717 4434 826 4520 hm,
859 4461 939 4506 cum
965 4437 1108 4529 ‘1¹¹¹de
1137 4461 1273 4507 metum
1324 4479 1421 4525 nunc
1437 4454 1513 4522 vela
1528 4453 1644 4523 ventis
1660 4453 1916 4544 permittamus,
1941 4451 2106 4524 aeDeum
2120 4475 2317 4545 precemur,

280 4560 371 4622 esset
396 4539 600 4637 Stigelius,
633 4554 712 4611 tuas
737 4538 855 4630 accepi
874 4538 1029 4621 litteras,
1061 4553 1219 4608 amanter
1241 4552 1275 4607 et
1324 4569 1365 4627 ug
1385 4553 1514 4646 Rem,
1535 4570 1569 4626 eg
1597 4579 1663 4624 nos
1691 4569 1838 4645 regam
1861 4570 1986 4630 servet,
2046 4554 2248 4627 sententias
2272 4555 2316 4624 de

282 4651 460 4745 sapienter
476 4644 635 4736 scriptas,
661 4657 695 4715 et
709 4640 922 4711 Sabinianus
938 4640 1021 4710 satis
1035 4635 1274 4715 vehementes.
1325 4657 1454 4752 quibus
1471 4656 1692 4748 disputatis,
1717 4657 1809 4746 legi,
1835 4659 1968 4729 multae
1985 4670 2069 4728 sunt
2081 4658 2234 4748 ineptae,

281 4750 440 4828 Accersit
456 4743 641 4818 Sabinum
664 4745 735 4812 dux
758 4736 931 4811 Albertus
955 4743 1000 4810 ad
1021 4735 1177 4810 scholam
1200 4741 1275 4813 Re·
1426 4751 1553 4828 Alesio
1573 4782 1709 4827 ,nm-em
1731 4782 1860 4847 gemm,
1913 4758 2010 4847 Quid
2035 4760 2190 4832 somffiat
2204 4772 2318 4831 vester

282 4856 568 4949 giomontanam
604 4859 640 4917 el
663 4868 729 4914 1¹0⁵
755 4845 853 4917 inbel
876 4847 920 4915 de
942 4842 1119 4935 stiPl³¹¹dl⁰
1141 4844 1275 4933 ⁸lttsslfi·
1324 4851 1589 4958 paratotdyoc,
1616 4862 1710 4954 quod
1728 4861 1793 4944 ait,
1819 4859 1961 4930 Viciurn
1977 4861 2125 4950 originis
2147 4884 2221 4932 esse
2243 4883 2318 4932 non
2409 4900 2424 4911 -

1326 4958 1496 5057 στέρησιν
1514 4959 1693 5045 lusticiae,
1719 4963 1833 5055 qualis
1850 4964 1887 5031 in
1906 4961 2022 5033 Adam
2039 4965 2126 5047 fuit,
2152 4965 2214 5034 sed
2230 4985 2317 5058 qua·
2412 4986 2426 5001 ⁴

282 5048 510 5068 ennon-⁸¹¹*-

1325 5066 1371 5133 lis
1387 5088 1482 5134 nunc
1499 5087 1572 5134 esse
1588 5065 1723 5133 debeat.
1765 5058 1824 5133 Au
1840 5065 1909 5135 alia
1932 5066 1988 5136 lex
2004 5080 2078 5136 erat
2093 5062 2206 5152 Adae,
2231 5064 2317 5136 seri·
2416 5087 2426 5100 ·

316 5163 734 5235 2le112·“⁰²²2⁸¹¹¹¹⁶¹¹‘¹⁰·
896 5230 901 5238 ,
1326 5180 1385 5260 pta
1403 5179 1437 5235 et
1450 5167 1571 5235 lucens
1587 5165 1626 5234 in
1645 5167 1719 5235 eius
1734 5180 1870 5250 mente,
1894 5168 2000 5236 aliam
2015 5181 2134 5259 postea
2152 5169 2191 5237 in
2207 5165 2319 5238 saxeis
2412 5190 2426 5207 ·

316 5253 346 5320 ⁸)
363 5252 452 5307 Dana.
465 5269 495 5303 ex
508 5266 617 5303 errores
634 5248 829 5300 ratiocinatus.
907 5292 914 5303 ,

315 5339 343 5410 4)
363 5354 428 5390 eum
441 5335 530 5388 invoa.
544 5330 616 5403 apud
629 5329 719 5386 Dans.
734 5328 929 5384 desiderantur.
1659 5374 1667 5382 ⁸
1756 5370 1765 5386 ‚
1880 5365 1891 5392 ,
2061 5366 2136 5394 Η
2268 5372 2286 5394 a

317 5422 346 5492 5)
363 5421 453 5476 Dm„
467 5432 616 5485 quemque.
1329 5371 1390 5441 sed
1406 5383 1510 5439 errat.
1561 5369 1653 5442 Sunt
1670 5383 1704 5440 et
1720 5370 1788 5439 alra
1810 5395 1893 5465 nepe
1911 5366 2097 5468 διαφορας
2112 5393 2319 5468 αμαρτιων,

317 5509 347 5576 6)
365 5507 454 5566 nnnc.
467 5510 565 5557 autem
576 5498 653 5575 quod
667 5517 725 5555 non
737 5497 817 5555 tabet
831 5496 895 5552 eod.
1329 5495 1419 5565 quae
1437 5472 1667 5543 emditiorem
1684 5472 1952 5564 explicationem
1967 5474 2167 5568 requirunt,
2181 5476 2228 5546 de
2241 5472 2322 5570 qui-

1327 5266 1583 5339 tabulisMoisi
1604 5268 1769 5361 scriptam
1789 5269 1913 5359 putat?
1962 5267 2044 5341 Scio
2069 5292 2133 5340 cur
2152 5266 2322 5352 itadicat,
2420 5309 2423 5314 ,
