4868 6420
213 389 289 465 ras
795 365 1242 468 nrtsrouanun'
1298 399 1405 477 uir.
1440 402 1503 478 ur.
1559 399 1690 477 1545.
2183 417 2258 489 ros

211 570 302 640 ciam
326 590 426 638 suam
448 575 657 654 agnoscant,
685 563 748 657 qui
763 577 965 655 contempta
980 563 1058 634 luce
1074 565 1209 654 divini-
1262 583 1330 639 tur.
1367 568 1419 640 Ita
1435 595 1499 641 nos
1516 574 1647 664 singuli
1671 576 1708 646 in
1726 574 1985 649 calamitatibus
2000 579 2131 669 nostris
2146 602 2255 669 agno-

209 686 268 743 tus
297 682 494 740 monstrata
527 692 567 738 ex
598 689 671 735 sese
709 667 860 772 gignunt
889 666 1211 759 interpretationes,
1262 695 1399 741 scamus
1422 674 1511 743 iram
1528 678 1605 758 dei,
1633 693 1666 749 et
1683 679 1941 769 mitigationem
1958 695 2136 772 petamus,
2163 704 2254 774 quae

208 775 331 868 quales
347 773 541 842 multorum
557 783 640 840 sunt
657 783 816 839 veterum
833 781 868 839 et
884 769 1080 841 recentium
1097 768 1210 840 inter·
1262 798 1341 843 cum
1368 775 1444 860 liet,
1480 791 1596 847 tamen
1622 775 1819 852 haerebunt
1845 784 1984 876 aliquae
2012 808 2146 873 poenae
2176 799 2255 853 tan-

205 875 433 968 prctationes.
1261 900 1367 968 quam
1397 879 1617 960 monitrices,
1654 907 1699 952 ne
1734 885 1986 954 obliviscamur
2017 886 2155 978 lapsum
2187 910 2254 953 no-

308 975 352 1045 ln
369 972 436 1045 hoe
448 969 625 1065 Propheta
642 975 735 1043 inter
749 973 937 1043 conciones
953 973 1115 1045 omnium
1132 999 1208 1043 ma·
1261 993 1413 1049 strorum
1436 994 1470 1049 et
1491 983 1659 1052 bonitatis
1681 987 1833 1058 divinae.
1885 986 2005 1056 Sensit
2019 982 2137 1057 Adam
2151 986 2253 1058 miti-

206 1082 300 1153 xime
323 1077 571 1147 memorabiles
593 1090 629 1145 et
650 1071 735 1148 haec
755 1088 806 1144 est
823 1075 861 1143 in
878 1076 992 1167 capite
1005 1077 1206 1158 undecimo,
1259 1094 1373 1170 gatam
1399 1106 1472 1150 esse
1494 1108 1662 1175 poenam,
1697 1113 1776 1156 carm
1799 1102 1958 1180 receptus
1982 1102 2050 1173 est,
2079 1113 2145 1159 nec
2168 1113 2251 1157 mox

207 1182 273 1253 ubi
296 1183 383 1250 deus
404 1192 439 1250 et
463 1179 567 1248 irasci
583 1201 619 1249 se
635 1178 784 1269 peccatis
799 1175 1022 1249 horribiliter
1040 1179 1207 1264 ostendit,
1260 1207 1447 1274 oppressus
1463 1200 1603 1255 aeterna
1619 1205 1749 1270 morte,
1776 1192 1836 1259 sed
1855 1205 1987 1283 quanto
2013 1192 2051 1258 in
2070 1191 2167 1261 luctu
2184 1190 2251 1260 tuit

210 1299 245 1355 et
267 1283 384 1354 tristes
410 1304 543 1374 poenas
570 1281 737 1353 minatur.
795 1277 936 1351 Rursus
963 1284 1081 1352 aut‘em
1113 1277 1206 1379 hanc
1258 1300 1403 1376 propter
1422 1289 1548 1357 amissa
1570 1289 1690 1380 priora
1711 1294 1836 1362 decora
1862 1306 1895 1362 et
1910 1308 2056 1384 propter
2070 1293 2250 1361 calamita-

206 1388 388 1477 ingentem
412 1385 503 1453 iram
525 1382 632 1451 leniri
654 1382 825 1450 immensa
848 1382 1008 1454 bonitate
1033 1384 1137 1469 dicit,
1172 1398 1206 1454 et

208 1487 402 1581 promittit,
426 1510 462 1555 se
484 1485 731 1573 mitigaturum
746 1506 819 1552 esse
832 1507 975 1573 poenas.
1024 1484 1102 1555 Hac
1118 1508 1205 1554 con·

207 1591 382 1661 solatione
405 1613 486 1658 cum
506 1586 610 1655 nobis
630 1585 797 1654 omnibus
811 1609 901 1677 opus
916 1587 979 1672 sit,
1003 1588 1111 1656 verba
1135 1582 1204 1656 hu-

206 1694 265 1763 ius
289 1692 359 1761 loci
379 1689 653 1760 familiarissime
675 1688 842 1757 omnibus
864 1702 949 1759 nota
967 1712 1040 1758 esse
1054 1701 1203 1781 oportet.

207 1789 305 1864 Mihi
321 1793 465 1887 quidem
489 1815 590 1881 saepe
612 1789 828 1860 moesticiam
849 1790 906 1858 vel
929 1814 970 1859 ex
986 1792 1132 1881 privatis
1147 1792 1204 1860 vel

208 1921 251 1968 ex
269 1895 426 1989 ,publicis
448 1894 600 1963 miseriis
615 1899 728 1965 ortam
752 1892 942 1965 lenierunt.
993 1891 1107 1974 Num,
1143 1893 1202 1960 iu-

205 1999 303 2094 quit,
326 1998 451 2067 delebo
468 1992 664 2088 Ephraim,
691 1994 781 2064 sicut
801 1994 917 2062 delevi
938 1995 1068 2086 oppida
1086 1995 1203 2065 Sodo-

205 2096 275 2171 mis
296 2100 435 2170 vicina?
486 2097 570 2169 Non
598 2097 742 2181 faciam,
774 2095 911 2190 inquit,
940 2098 1099 2166 furorem
1129 2098 1202 2166 irae

203 2227 321 2289 meae,
347 2201 431 2296 quia
448 2204 534 2271 deus
550 2222 611 2288 ego
630 2219 706 2268 sum
724 2212 759 2269 et
780 2222 855 2266 non
870 2193 995 2278 horno,
1023 2198 1065 2268 ln
1082 2199 1201 2270 medio

206 2307 261 2378 tui
273 2318 427 2377 sanetus.
467 2301 551 2374 Non
566 2302 707 2371 intrabo
727 2300 916 2370 civitatem.
949 2298 1075 2371 Priora
1090 2327 1202 2371 mem-

206 2411 271 2480 bra
287 2409 335 2479 sic
358 2406 441 2477 satis
459 2405 643 2497 perspicua
661 2415 764 2488 sunt,
790 2427 870 2472 eum
887 2404 994 2471 verba
1010 2419 1102 2475 recte
1119 2406 1202 2473 red-

206 2513 359 2591 duntur,
376 2509 441 2578 etsi
457 2509 589 2578 latinus
604 2506 777 2596 interpres
793 2529 839 2573 ne
852 2499 919 2574 hoc
939 2506 1084 2598 quidem
1099 2529 1201 2598 prae·

205 2613 305 2686 stitit.
358 2609 428 2682 Sed
444 2613 489 2680 d'e
502 2623 681 2702 postremo
696 2607 875 2676 membro:
902 2630 977 2676 non
992 2608 1133 2680 intrabo
1150 2609 1201 2678 ci-

204 2716 371 2800 vitatem,
397 2713 485 2807 quid
507 2712 600 2781 dicet
620 2709 682 2779 ille
698 2708 892 2801 interpres,
917 2710 979 2802 qui
995 2735 1071 2780 nou
1087 2713 1199 2780 adfert

205 2820 250 2888 ad
267 2818 505 2887 enarrandum
525 2825 681 2882 mentem
697 2811 810 2903 piam,
833 2824 1006 2883 versatam
1022 2813 1061 2880 in
1077 2813 1200 2882 lectio-

204 2945 250 2989 ne
273 2915 500 3012 prophetica,
531 2915 715 2992 excitatam
740 2913 1019 2998 donocoelesti,
1048 2927 1090 2985 ut
1110 2913 1200 2983 Pro-

203 3017 393 3114 phetarum
426 3042 549 3089 sensus
578 3015 791 3086 familiarius
827 3028 931 3084 notos
957 3011 1102 3100 habeat,
1137 3020 1197 3084 sed

203 3137 349 3216 propter
369 3119 540 3214 Episcopi
571 3119 715 3189 titulum
745 3140 781 3186 se
804 3131 906 3209 putat
928 3117 1097 3189 adflatum
1126 3141 1198 3188 esse

202 3226 374 3306 numine,
407 3237 468 3294 aut
491 3225 521 3292 si
547 3235 598 3292 est
619 3220 814 3310 privatus,
833 3219 1015 3289 licentiam
1038 3243 1074 3288 se
1096 3234 1199 3311 putat

202 3329 372 3411 ludendi,
397 3340 439 3397 ut
456 3322 690 3394 Grammatici
711 3324 844 3391 ludunt
867 3321 1045 3410 allegoriis
1061 3321 1198 3394 Home-

202 3431 296 3503 ricis.
348 3428 476 3498 Lector
490 3425 592 3494 rudis
605 3424 703 3492 videt
719 3419 804 3492 haec
818 3424 893 3492 sine
908 3423 1100 3517 interprete
1116 3451 1198 3498 eru-

202 3534 278 3605 dito
294 3555 369 3601 nou
384 3529 546 3618 intelligi.
587 3524 628 3597 Si
643 3527 751 3616 igitur
773 3525 1014 3597 enarrationes
1029 3531 1196 3616 conferet,

202 3646 368 3724 agnoscet
384 3630 632 3701 dexterrimam
647 3653 720 3697 esse
734 3652 829 3712 eam,
856 3652 945 3721 quae
961 3630 999 3699 in
1015 3627 1083 3701 hoc
1100 3658 1196 3701 com-

201 3734 379 3806 mentario
413 3733 583 3816 traditur,
631 3731 795 3800 videlicet
827 3728 943 3800 Deum
975 3748 1196 3804 servaturum

201 3862 277 3908 esse
301 3835 413 3927 gentis
426 3834 613 3927 reliquias;
640 3835 700 3902 sed
726 3846 845 3903 tamen
860 3832 973 3903 deleta
997 3838 1089 3926 'regia
1108 3837 1197 3904 civi-

201 3953 290 4023 tate,
313 3939 441 4017 idest,
465 3937 605 4005 sublato
631 3958 760 4024 reguo,
787 3934 955 4025 dissipata
973 3952 1007 4006 et
1028 3940 1067 4006 in
1084 3940 1196 4008 servi-

200 4056 314 4114 tutem
337 4042 476 4108 redacta
498 4039 621 4129 plebe,
646 4052 686 4108 ut
708 4061 804 4107 nunc
828 4038 893 4107 sub
909 4036 1038 4108 Turcis
1060 4056 1095 4110 et
1116 4042 1195 4109 aliis

201 4143 363 4239 tyrannis
388 4155 472 4212 sunt
493 4137 672 4210 Ecclesiae
692 4162 879 4230 oppressae
902 4142 994 4210 tristi
1015 4143 1195 4214 servitute.

201 4244 277 4315 lam
298 4268 378 4314 cum
403 4244 512 4313 verba
537 4256 698 4312 enarrata
722 4242 813 4327 sint,
851 4255 958 4312 totam
984 4244 1193 4314 sententiam

200 4347 320 4418 animo
335 4360 462 4438 repete,
479 4357 513 4413 et
529 4343 642 4432 cogita
657 4368 765 4436 quam
783 4344 912 4414 multas
928 4359 964 4414 et
979 4369 1122 4436 magnas
1138 4370 1195 4417 res

200 4448 389 4520 contineat.
439 4446 507 4531 Et,
534 4447 563 4514 si
580 4446 757 4514 veteribus
777 4460 838 4516 aut
851 4448 1054 4518 domesticis
1078 4472 1195 4518 exem-

198 4552 268 4645 plis
293 4575 366 4620 non
394 4550 567 4632 moveris,
604 4546 829 4617 Pannoniam
855 4548 1010 4618 vicinam
1045 4551 1195 4622 intuere.

197 4654 292 4724 Vere
320 4653 483 4723 irascitur
508 4650 604 4722 Deus
638 4664 672 4721 et
698 4650 787 4719 meis
813 4665 848 4720 et
874 4652 943 4721 tuis
973 4666 1007 4722 et
1033 4656 1194 4723 omnium

196 4756 366 4849 peccatis,
399 4779 438 4824 ac
459 4755 651 4838 deliberat,
676 4776 812 4829 annos
833 4754 996 4823 funditus
1014 4756 1193 4825 deleturus

197 4861 260 4944 sit,
286 4872 327 4929 ut
348 4870 531 4927 merentur
553 4870 674 4927 nostra
697 4870 847 4946 peecata.
897 4853 966 4924 Hic
983 4856 1109 4926 clamat
1123 4853 1194 4927 Ec-

196 4961 317 5044 clesia:
355 4957 532 5042 Domine,
569 4982 614 5026 ne
641 4958 679 5025 in
706 4959 826 5026 furore
859 4970 921 5026 tuo
954 4981 1080 5048 arguas
1116 4984 1192 5033 nos.

196 5062 303 5134 Item:
356 5062 395 5130 iu
424 5061 474 5131 ira
502 5074 562 5131 tua
593 5059 856 5128 misericordiae
879 5073 959 5129 tuae
982 5062 1191 5132 recorderis.

193 5163 249 5235 Ne
263 5166 373 5255 igitur
390 5166 428 5234 in
444 5164 546 5234 terris
560 5163 691 5232 noticia
706 5160 775 5232 Dei
789 5185 933 5252 prorsus
951 5163 1114 5251 extingue
1122 5179 1190 5250 tur,

1258 1399 1328 1472 tes,
1353 1413 1443 1481 quae
1464 1404 1602 1460 secutae
1619 1408 1703 1464 sunt
1725 1395 1919 1486 plurimae,
1946 1420 2025 1465 cum
2045 1394 2084 1462 in
2101 1394 2251 1486 posteris

1258 1503 1500 1582 contemptum
1523 1493 1600 1574 dei,
1628 1497 1818 1584 parricidia
1844 1497 1988 1566 elalius
2010 1497 2148 1567 suro'res
2175 1519 2250 1565 cer·

1257 1593 1380 1662 neret?

1357 1745 1454 1818 Haec
1469 1751 1512 1818 de
1527 1752 1749 1820 memorabili
1768 1751 1861 1822 dicto
1877 1749 1985 1822 huius
1992 1744 2192 1843 Prophetae
2209 1772 2250 1819 eo

1255 1848 1420 1935 recitavi,
1437 1864 1478 1920 ut
1494 1853 1656 1921 rudiores
1669 1856 1802 1933 sciant,
1825 1869 1966 1946 etopus
1982 1877 2055 1923 esse
2070 1875 2251 1922 commcn-

1256 1950 1344 2019 tario
1368 1954 1413 2020 ad
1445 1954 1655 2024 illustranda
1684 1958 1833 2026 obseura
1853 1972 1888 2027 et
1914 1957 2037 2027 brevia
2062 1956 2179 2038 dicta,
2215 1966 2251 2022 et

1255 2051 1519 2123 lucubrationes
1536 2080 1677 2142 eorum,
1703 2059 1741 2125 iu
1766 2060 1896 2150 quibus
1920 2060 2054 2127 donum
2074 2057 2251 2146 interpre-

1255 2155 1398 2223 tationis
1425 2157 1537 2242 lueet,
1563 2173 1683 2228 ament
1697 2174 1730 2229 et
1745 2164 1789 2228 ad
1804 2173 1962 2251 posteros
1978 2158 2172 2228 transmitti
2187 2181 2248 2226 cu1

1254 2269 1344 2329 rent.
1401 2255 1452 2327 Hi
1475 2256 1633 2331 thesauri
1662 2263 1773 2351 magis
1804 2277 1953 2352 prosunt
1976 2258 2155 2331 Ecclesiae
2181 2258 2250 2343 dei,

1254 2382 1360 2449 quam
1385 2384 1508 2445 aurea,
1542 2375 1705 2452 argentea
1727 2378 1760 2433 et
1782 2377 1955 2452 gemmata
1980 2388 2073 2437 vasa.
2130 2357 2249 2454 Atque

1253 2461 1392 2528 utinam
1406 2462 1713 2557 veteresEpiscopi
1729 2465 1904 2536 delectum
1921 2461 2129 2535 habuissent
2144 2486 2249 2533 enar-

1253 2563 1435 2633 rationum
1461 2579 1496 2634 et
1517 2567 1653 2637 erudita
1676 2568 1806 2658 scripta
1822 2568 2022 2659 posteritati
2038 2566 2171 2637 servari
2185 2589 2248 2634 cu-

1252 2678 1404 2746 rassent,
1438 2667 1530 2738 sieut
1552 2669 1658 2738 multi
1679 2670 1822 2758 politici>
1838 2671 2090 2759 gubernatores
2110 2666 2247 2756 legibus

1251 2764 1335 2836 latis'
1348 2782 1535 2838 servarunt
1560 2770 1707 2840 meliora
1729 2771 1878 2862 scripta,
1904 2770 2016 2842 Solon
2033 2784 2067 2840 et
2081 2766 2247 2838 Pisistra-

1252 2881 1309 2936 tus
1331 2866 1549 2954 Homerum,
1580 2869 1761 2965 Lycurgus
1788 2869 1927 2942 Atticus
1955 2886 2076 2943 orator
2105 2865 2245 2963 Sopho-

1251 2969 1341 3037 clem
1356 2982 1390 3038 et
1407 2966 1639 3062 Euripidem,
1662 2976 1791 3044 deiude
1806 2975 1868 3044 alii
1885 2974 1964 3045 alia.

1353 3116 1472 3206 Quare
1487 3115 1579 3189 hanc
1594 3123 1637 3190 ad
1657 3137 1689 3194 te
1704 3122 1979 3214 praelationem,
2004 3120 2246 3194 Reverendis-

1251 3220 1338 3288 sime
1359 3219 1533 3303 Domine,
1566 3225 1708 3315 scripsi,
1734 3239 1792 3310 ut,
1822 3250 1904 3296 cum
1927 3249 2024 3318 nune
2046 3220 2243 3293 Ecclesiam

1250 3324 1442 3411 gubernes,
1464 3338 1498 3394 et
1520 3327 1637 3396 studia
1662 3327 1843 3396 literarum
1866 3352 1978 3409 ames,
2012 3327 2058 3396 sis
2082 3321 2247 3396 hortator

1249 3426 1473 3517 principibus
1497 3428 1600 3513 viris,
1626 3442 1666 3497 ut
1688 3430 1805 3500 studia
1826 3431 1988 3515 foveant,
2016 3429 2176 3499 ethonis
2199 3427 2245 3495 li-

1249 3527 1324 3595 bris
1337 3529 1578 3619 posteritatem
1600 3531 1729 3601 instrui
1746 3529 1887 3616 curent,
1914 3556 1953 3600 ac
1973 3532 2161 3620 diligenter
2186 3553 2245 3597 ca-

1248 3641 1373 3713 veant,
1399 3654 1444 3697 ne
1459 3631 1594 3711 sutilia,
1616 3633 1704 3701 falsa
1728 3645 1761 3702 et
1776 3618 1956 3704 ⁸contraria
1972 3634 2099 3723 scripta
2118 3629 2243 3701 Pasto-

1249 3753 1304 3799 res
1330 3731 1458 3819 legant.
1510 3730 1563 3802 Ea
1580 3758 1635 3802 res
1661 3737 1829 3804 omnibus
1850 3737 2024 3805 aetatibus
2039 3733 2243 3824 dissipatio-

1249 3857 1311 3902 nes
1334 3829 1571 3903 Ecclesiarum
1594 3837 1741 3928 peperit.
1800 3832 2071 3929 Amplectantur
2092 3850 2242 3916 autores,

1248 3958 1400 4028 quorum
1422 3937 1571 4025 probata
1595 3952 1646 4007 cst
1673 3940 1776 4025 sides,
1808 3941 1927 4032 etqui
1950 3963 2005 4007 res
2029 3938 2241 4006 necessarias

1247 4061 1329 4105 vere
1350 4049 1384 4105 et
1407 4038 1511 4127 plane
1532 4063 1606 4107 uno
1628 4041 1755 4130 spiritu
1778 4054 1809 4109 et
1829 4066 1900 4110 una
1916 4066 2000 4110 saoce
2017 4043 2181 4122 tradunt,
2208 4050 2243 4108 et

1248 4141 1388 4209 eosdem
1403 4162 1505 4232 saepe
1521 4141 1744 4235 multumque
1760 4144 1889 4233 legant.
1945 4142 2176 4210 Verissimum
2192 4153 2243 4211 est

1247 4242 1344 4310 enim
1377 4255 1479 4312 vetus
1511 4243 1605 4312 illud
1637 4245 1789 4329 dictum,
1838 4245 2082 4334 iubngendum
2112 4243 2242 4312 animis

1247 4343 1407 4413 omnium
1441 4346 1701 4430 studiosorum,
1734 4348 1830 4439 quod
1862 4344 2025 4438 Epicteto
2060 4346 2239 4415 tribuunt:

1247 4441 1383 4518 aldiran
1409 4441 1484 4544 χρὴ
1508 4443 1565 4518 ὅτι
1592 4445 1637 4519 οὐ
1658 4441 1790 4541 ῥάδιον
1811 4442 1936 4547 δόγμα
1960 4442 2242 4547 παραγενέσθαι

1250 4539 1464 4643 ἀνθρώπῳ,
1489 4551 1520 4619 el
1541 4545 1594 4642 μὴ
1617 4546 1712 4621 καθ’
1733 4543 1893 4644 ἑκάστην
1906 4547 2050 4644 ἡμέραν
2073 4546 2120 4622 τὰ
2143 4544 2239 4621 αὐτὰ

1246 4647 1311 4722 καὶ
1335 4649 1421 4750 λέγῃ
1445 4677 1499 4733 τις
1522 4648 1586 4722 καὶ
1606 4646 1723 4745 ἀκούῃ
1747 4648 1811 4724 καὶ
1825 4649 1904 4745 ἅμα
1916 4657 2042 4747 χρῶτα
2060 4647 2152 4750 πρὸς
2172 4648 2240 4724 τὸν

1245 4749 1345 4847 βίον.
1399 4753 1481 4824 Scio
1502 4768 1638 4851 autem,
1663 4768 1698 4824 te
1721 4780 1862 4848 quoque
1884 4757 1922 4823 in
1940 4757 2090 4825 lectione
2113 4756 2238 4825 talium

1244 4853 1524 4925 Enarratiouum
1539 4858 1577 4924 in
1595 4858 1720 4949 primis
1733 4858 2027 4950 acquiescere„et
2044 4854 2110 4927 hac
2124 4857 2239 4927 medi-

1245 4960 1378 5028 tatione
1401 4958 1661 5030 invocationem
1687 4964 1742 5030 dei
1766 4962 1976 5044 accendere,
2007 4957 2168 5053 Eamque
2191 4960 2237 5028 ob

1244 5085 1384 5130 causam
1408 5057 1500 5130 mihi
1524 5057 1685 5132 hortator
1704 5063 1772 5133 fuit
1790 5056 1975 5155 Georgius
1990 5059 2125 5131 Helius
2148 5059 2239 5129 For·
2276 5051 2285 5061 ⁵

1245 5155 1403 5231 themius
1432 5178 1465 5232 et
1494 5166 1622 5233 edendi
1644 5161 1735 5236 hane
1766 5167 2048 5235 lucubrationem
2077 5164 2176 5234 etad
2203 5177 2236 5232 te

192 5268 305 5338 vincit
320 5266 580 5348 misericordia,
606 5264 829 5356 recipiuntur
844 5263 1016 5357 reliquiae
1037 5279 1071 5336 et
1092 5267 1190 5336 ruiti-
1243 5265 1419 5337 mittendi.
1471 5264 1616 5337 Fruaris
1636 5269 1745 5357 igitur
1761 5265 1828 5337 hoc
1850 5292 2017 5350 munere,
2040 5280 2075 5334 et
2092 5265 2235 5335 lectioni

192 5383 324 5460 gantur
350 5393 495 5460 poenae.
554 5366 625 5437 Sed
657 5366 801 5436 interim
833 5367 939 5436 urbes
971 5382 1188 5456 evertuntur,
1216 5365 1319 5458 lpias
1335 5392 1455 5458 preces
1470 5370 1627 5442 misceto.
1679 5370 1780 5441 Sicut
1793 5366 1850 5439 hic
1869 5371 1942 5461 ipse
1956 5365 2134 5460 Propheta
2149 5379 2236 5451 orat,

190 5472 259 5542 ilos
282 5473 413 5542 civium
438 5469 668 5554 interficitur,
694 5468 902 5565 disciplina,
930 5470 1046 5540 studia
1068 5470 1188 5540 litera·
1215 5503 1219 5559 γ
1241 5482 1283 5537 ut
1298 5469 1393 5540 inter
1409 5483 1523 5541 tantas
1539 5473 1772 5564 imperiorum
1791 5446 1914 5540 chinus
1929 5485 1964 5541 et
1975 5469 2164 5541 hominum
2178 5469 2235 5538 su-

189 5597 292 5662 rum,
320 5573 451 5645 iudicia
475 5585 509 5643 et
535 5572 646 5643 multa
666 5583 875 5642 ornamenta
897 5572 1015 5642 civilia
1039 5571 1186 5642 abolen—
1214 5570 1218 5651 ξ
1242 5594 1358 5656 rores,
1382 5567 1560 5642 Ecclesiae
1575 5572 1662 5660 Dei,
1695 5575 1931 5644 ministerium
1955 5571 2163 5664 Evangelii,
2189 5570 2235 5639 li-
