4868 6420
197 345 274 424 806
695 394 700 406 ι
778 344 1220 424 EPISTOLARUM
1279 350 1487 433 LtB.lX.
1541 355 1672 432 1545.
2178 375 2255 450 806
2327 347 2334 353 ⁴

195 526 303 605 111¹.th
320 537 602 625 propugnatores
620 521 829 615 disciplinae
855 535 889 591 et
909 522 1027 611 legum
1044 525 1199 594 oderunt
1222 557 1226 617 Ι
1255 527 1494 612 consuetudo,
1517 543 1559 600 ut
1579 532 1720 619 dicitur,
1777 533 1899 617 Etiam
1927 567 2008 617 cum
2037 551 2247 644 corrigimus

194 634 453 727 Evangelium,
473 635 570 728 quod
587 633 630 702 de
647 632 742 723 lege,
761 642 922 724 peceato,
949 631 1100 719 iustitia,
1119 656 1199 723 gra·
1221 622 1226 775 J
1253 646 1387 702 veteres
1413 638 1675 725 persuasiones,
1700 655 1820 712 tamen
1842 647 1977 741 aliquid
1994 658 2146 744 contagii
2162 656 2246 732 hae.

194 740 265 825 tia,
290 741 359 808 tide
374 737 546 830 proponit
560 738 759 806 doctrinam
777 761 797 804 a
815 734 949 805 iudicio
966 736 1031 805 filii
1050 737 1197 826 frugalis
1220 778 1224 869 Ι
1252 749 1306 804 ret
1328 736 1366 805 in
1385 740 1565 809 mentibus
1585 755 1619 810 et
1643 742 1681 810 in
1697 767 1869 821 sermone.
1920 746 1968 820 Et
1980 774 2091 842 genus
2107 781 2244 834 sermo·

185 839 461 913 abhorrentem.
513 839 640 911 Statim
654 839 762 928 igitur
777 833 1060 930 postApostolos
1073 862 1195 908 rursus
1251 839 1307 905 nis
1323 863 1362 907 ac
1380 840 1475 909 velut
1488 838 1665 912 Ecclesiae
1679 846 1836 936 linguam
1852 864 2006 940 mutare,
2025 857 2166 932 videtur
2179 890 2244 936 au-

193 941 391 1035 Evangelio
408 944 553 1013 inducta
571 954 619 1011 est
638 942 762 1030 caligo.
816 936 892 1014 Etsi
912 933 1194 1035 Origenisscri·
1250 939 1348 1009 dacia
1374 964 1446 1010 esse
1467 945 1571 1033 plena
1594 948 1753 1037 periculi.
1804 949 1943 1024 Deinde
1963 981 2018 1027 res
2035 960 2109 1050 ipsa
2124 967 2243 1059 loqui.

194 1061 274 1140 pta,
301 1071 390 1140 quae
414 1070 511 1116 nunc
536 1057 674 1129 extant,
707 1045 834 1113 mutila
856 1057 960 1129 sunt,
992 1058 1027 1113 et
1048 1046 1195 1114 fortasse
1248 1054 1324 1126 tur,
1358 1067 1396 1114 ea
1419 1059 1532 1114 aetate
1553 1052 1759 1139 praesertim
1781 1053 1820 1121 in
1838 1052 1939 1125 ltalia
1961 1073 1997 1129 ct
2018 1068 2160 1136 caeteris
2183 1094 2242 1139 re-

195 1141 499 1243 pleraqueuddu,
525 1161 644 1216 tamen
663 1146 845 1222 doctrinae
862 1146 1081 1237 corruptelae
1098 1148 1136 1214 in
1152 1171 1192 1215 eo
1247 1145 1412 1233 gionibus
1441 1147 1549 1217 latine
1578 1151 1807 1243 loquentibus
1834 1181 1959 1247 parum
1978 1162 2085 1233 fuisse
2116 1172 2240 1241 litera.

195 1266 403 1324 cernuntur.
454 1249 579 1319 Postea
604 1263 741 1318 secutus
757 1241 936 1341 Pelagius
957 1250 995 1317 in
1013 1249 1193 1318 occidente
1246 1271 1338 1319 rum.
1392 1245 1540 1319 Graecia
1567 1254 1671 1322 etiam
1695 1270 1728 1325 et
1744 1255 1828 1326 Asia
1853 1260 1922 1328 iam
1948 1262 2239 1354 postBasilium

195 1355 446 1426 audaccissime
471 1353 601 1422 delevit
631 1347 876 1442 Evangelium.
934 1349 1018 1420 Non
1047 1351 1193 1420 tradidit
1245 1350 1360 1417 studia
1391 1351 1573 1422 doctrinae
1602 1358 1836 1446 negligentius
1858 1364 2054 1440 coluerunt.
2115 1373 2239 1462 Quan.

195 1459 387 1528 discrimen
405 1456 491 1544 legis
510 1468 543 1523 et
560 1453 766 1542 Evangelii,
792 1453 949 1543 negatio
965 1449 1110 1522 homine
1124 1454 1192 1523 du·
1245 1476 1351 1542 quam
1375 1453 1484 1541 igitur
1506 1457 1559 1524 vis
1581 1456 1714 1546 ingenii
1739 1484 1863 1551 magna
1880 1465 1947 1534 fuit
1963 1467 2001 1535 in
2017 1464 2238 1565 Augustino,

195 1561 386 1630 bitationes
412 1561 456 1627 de
480 1559 532 1626 ira
556 1571 590 1626 et
612 1556 854 1625 misericordia
877 1557 952 1639 dei,
979 1568 1013 1623 et
1038 1550 1193 1625 horren·
1246 1567 1280 1622 et
1312 1554 1440 1644 pietas,
1481 1582 1550 1650 qua
1577 1560 1768 1630 discrimen
1802 1564 1893 1635 vidit
1923 1565 2176 1665 Philosophiae
2203 1596 2238 1652 et

196 1665 279 1733 dam
295 1661 631 1747 aversionemadeo
646 1659 834 1727 nobiscum
850 1651 1050 1727 nascentem
1069 1682 1191 1748 pecca-
1242 1651 1450 1745 Evangelii,
1484 1673 1602 1729 tamen
1634 1664 1809 1754 rationem
1835 1668 2033 1757 explicandi
2054 1690 2089 1745 et
2111 1680 2179 1771 ipsi
2203 1697 2238 1754 et

193 1779 272 1836 tum
286 1789 380 1850 esse,
402 1764 504 1852 fingit
526 1763 595 1852 legi
611 1761 670 1829 dei
685 1757 847 1829 homines
865 1760 1061 1828 satisfacere
1076 1783 1191 1851 posse,
1243 1758 1365 1826 multis
1388 1784 1427 1828 ea
1459 1776 1571 1832 aetate
1594 1765 1763 1846 defuisse,
1797 1770 2023 1842 manifestum
2043 1794 2104 1853 est.
2162 1780 2237 1855 Has
2307 1768 2314 1778 ’

196 1882 232 1938 et
267 1864 359 1938 hanc
386 1867 669 1960 qualemcunque
698 1877 877 1932 externam
908 1854 1190 1932 moderationem
1243 1874 1359 1928 autem
1377 1863 1465 1931 duas
1481 1865 1629 1934 virtutes
1643 1869 1849 1939 coniunctas
1866 1896 1939 1942 esse
1960 1894 2123 1967 oportere
2137 1883 2238 1954 Peri·

194 1995 337 2040 morum
360 1970 499 2061 placare
522 1968 611 2035 iram
637 1965 715 2047 dei,
742 1979 776 2033 et
795 1964 967 2033 iustitiam
983 1988 1074 2049 esse,
1101 1989 1190 2057 quae
1243 1960 1313 2028 cles
1349 1963 1452 2033 dixit:
1495 1970 1639 2064 γνῶναι
1669 1965 1717 2040 τὰ
1749 1965 1883 2044 δέοντα
1916 1972 1980 2046 καὶ
2002 1977 2236 2076 ἑρμηνεῦσαι.

192 2074 299 2143 faciat
316 2068 484 2141 haeredes
499 2070 592 2139 vitae
614 2081 787 2140 aeternae.
827 2064 921 2136 *Non
943 2067 1057 2135 solum
1080 2090 1190 2156 nugas
1213 2094 1216 2169 j
1242 2061 1316 2131 Nec
1342 2080 1505 2154 putemus
1528 2064 1612 2138 haec
1635 2072 1728 2140 ullos
1754 2074 1830 2141 sine
1848 2079 2052 2151 doctoribus
2075 2110 2114 2157 ac
2132 2113 2236 2160 mon-

193 2198 287 2260 esse,
303 2178 399 2270 quod
415 2170 704 2242 clamatPaulus:
730 2183 876 2261 propter
891 2164 1092 2254 Christum,
1116 2192 1189 2236 non
1213 2174 1216 2214 ³
1242 2167 1473 2252 stratoribus,
1506 2171 1582 2239 sine
1603 2174 1738 2258 studio,
1773 2175 1849 2244 sine
1870 2178 1960 2250 iusta
1987 2185 2148 2259 discendi
2178 2217 2234 2264 ra·

193 2291 340 2370 propter
364 2301 469 2369 opera
502 2275 589 2364 legis
613 2272 725 2362 accipi
753 2272 995 2341 remissionem
1030 2285 1190 2361 peccato·
1242 2268 1340 2337 tione
1360 2273 1528 2363 consequi
1549 2296 1661 2362 posse.
1720 2274 1811 2345 Vere
1843 2274 1901 2349 hic
1927 2297 1961 2354 et
1981 2303 2074 2359 recte
2106 2295 2237 2366 refutat

194 2405 293 2465 rum,
326 2382 387 2450 sed
415 2380 520 2448 etiam
551 2375 765 2467 perniciosas
798 2398 939 2443 morum
973 2375 1189 2464 corruptelas
1242 2365 1476 2462 Augustinus
1501 2369 1670 2464 Origenis
1703 2391 1738 2447 et
1760 2375 2073 2459 Enthusiastarum
2105 2397 2237 2467 delira-

195 2507 280 2556 esse.
339 2481 544 2552 Fanaticam
574 2476 765 2547 amentiam
795 2499 885 2562 esse,
917 2478 1014 2569 quod
1046 2477 1189 2560 dicitur,
1241 2487 1377 2558 menta,
1403 2477 1465 2568 qui
1488 2480 1763 2570 corrumpebant
1783 2479 1885 2552 Pauli
1900 2488 1993 2557 dicta
2012 2492 2055 2561 de
2077 2495 2177 2568 litera
2201 2515 2236 2571 et

192 2587 263 2656 fide
288 2581 470 2657 hominem
496 2581 629 2652 iustum
648 2603 721 2647 esse
743 2593 776 2649 et
790 2574 882 2647 hanc
900 2579 1004 2646 fidem
1023 2579 1189 2646 fiduciam
1241 2575 1385 2666 spiritu,
1411 2602 1556 2668 prorsus
1579 2595 1621 2650 ut
1642 2580 2023 2678 nuncAnabaptistae.
2075 2594 2167 2668 Cum
2190 2603 2236 2670 li.

193 2712 268 2760 esse
285 2688 562 2781 acquiescentem
580 2684 618 2750 in
634 2683 931 2773 mediatore,qua
947 2680 1091 2772 spiritus
1107 2704 1189 2748 san-
1240 2692 1351 2748 teram
1377 2680 1613 2766 abiiciebant,
1647 2698 1761 2753 totum
1793 2689 2030 2761 ministerium
2053 2711 2235 2771 externum

193 2807 272 2864 ctus
297 2815 427 2860 novam
454 2801 489 2858 et
518 2800 697 2856 aeternam
727 2785 841 2851 lucem
864 2783 903 2850 in
935 2782 1188 2873 perterrefactis
1241 2782 1533 2870 aspernabantur.
1594 2782 1734 2854 Deinde
1757 2789 1919 2878 spiritum
1951 2794 2131 2884 fingebant
2163 2827 2236 2874 esse

192 2894 372 2964 mentibus
391 2891 561 2963 accendit.
614 2885 705 2957 Cum
723 2887 831 2975 igitur
852 2886 921 2953 late
937 2885 1117 2975 sparsisset
1133 2886 1188 2952 vi-
1239 2883 1424 2970 allegorias
1442 2898 1478 2953 et
1491 2886 1780 2976 imaginationes,
1795 2915 1882 2984 quas
1897 2895 1965 2965 sibi
1981 2898 2109 2971 reiecto
2123 2908 2234 2977 verbo

194 3021 256 3067 rus
283 3020 386 3066 suum
407 2988 607 3085 PelagiuS,
622 3003 667 3058 ‚et
690 2990 771 3057 illas
794 2981 1065 3083 neduuoloyiug
1084 2987 1187 3055 facile
1240 2985 1299 3052 dei
1318 2985 1514 3073 fingebant,
1540 3002 1581 3058 ut
1601 2990 1705 3059 multi
1727 2991 1892 3064 monachi
1912 3013 1946 3069 et
1961 2993 2235 3102 Anabaptistae

193 3099 490 3191 amplecterentur
515 3090 697 3175 homines,
726 3082 873 3179 magnae
898 3090 936 3156 in
952 3086 1187 3263 Ecclffite-
1241 3087 1442 3156 iactitarunt
1468 3090 1619 3159 adflatus
1643 3115 1716 3160 esse
1741 3095 1904 3183 spiritus,
1927 3102 2061 3174 deserta
2084 3112 2234 3202 coniuge

194 3204 325 3273 nebrae
352 3201 516 3280 fuerunt,
550 3209 591 3264 ut
621 3191 676 3262 his
698 3192 870 3283 proximis
894 3192 1040 3260 saeculis
1130 3190 1187 3259 ilis
1240 3203 1274 3258 et
1288 3190 1421 3258 familia
1439 3193 1557 3280 vagari
1572 3217 1652 3261 cum
1668 3194 1830 3264 fanaticis
1850 3204 2050 3280 erronihus.

192 3304 355 3377 doctrina
387 3294 651 3370 Monaehorum
685 3296 798 3364 lucem
826 3290 1014 3386 Evangelii
1047 3294 1086 3361 in
1112 3306 1186 3361 toto
1342 3287 1401 3359 Ab
1427 3287 1484 3361 his
1514 3295 1613 3363 tetris
1636 3296 1809 3387 portentis
1830 3297 2062 3394 Augustinus
2092 3330 2233 3386 revocat

192 3410 280 3478 orbe
302 3419 477 3475 terrarum
502 3398 714 3470 obscuravit.
772 3394 888 3466 Credo
916 3410 1034 3464 autem
1057 3396 1186 3486 passim
1239 3388 1432 3463 Ecclesiam
1463 3397 1508 3464 ad
1530 3397 1732 3484 veritatem,
1771 3406 1926 3475 ostendit
1955 3410 2040 3502 quid
2071 3414 2173 3485 litera
2200 3432 2234 3488 et

191 3511 300 3582 fuisse
326 3508 465 3600 aliquos
489 3504 566 3594 pios
589 3517 623 3572 et
644 3501 776 3590 peritos
798 3514 892 3569 recte
915 3501 1123 3577 sentientes,
1146 3510 1186 3566 ut
1240 3496 1326 3588 quid
1350 3497 1495 3587 spiritus
1517 3501 1660 3590 proprie
1683 3501 1862 3590 dicantur,
1896 3532 1960 3578 nec
1982 3513 2120 3585 literam
2143 3520 2232 3589 abo-

194 3627 230 3683 et
251 3608 308 3680 bis
328 3607 514 3699 postremis
535 3604 684 3672 saeculis
710 3603 841 3671 alicubi
870 3603 1016 3670 fuerunt
1037 3599 1184 3666 meliora
1238 3599 1380 3665 leudam
1406 3621 1478 3666 esse
1503 3601 1607 3667 nobis
1635 3604 1929 3693 praecipientem,
1967 3617 2026 3681 sed
2053 3643 2174 3686 vocem
2196 3634 2232 3690 et

193 3717 379 3792 docentes,
403 3723 443 3778 ut
460 3699 727 3784 Bernhardus,
753 3698 940 3772 Toulerus
966 3702 1096 3772 etalii.
1237 3699 1475 3768 ministerium
1493 3714 1674 3770 externum
1691 3699 1899 3795 Evangelii,
1924 3719 2120 3787 necessario
2144 3722 2232 3792 reti-

296 3811 367 3882 Sed
397 3823 481 3880 tunc
511 3812 679 3878 adversus
703 3806 838 3893 Pelagii
862 3827 995 3871 venena
1018 3803 1186 3870 excitatus
1238 3803 1396 3869 nendum
1429 3825 1519 3884 esse,
1552 3827 1591 3871 ac
1624 3805 1787 3894 spiritum
1821 3825 1979 3881 sanctum
2012 3842 2075 3907 per
2108 3848 2229 3892 evocem

190 3929 243 3988 est
257 3914 429 3984 divinitus
446 3905 696 4005 Augustinus,
723 3908 782 4000 qui
799 3904 975 3974 Ecclesias
989 3904 1116 3994 passim
1141 3905 1184 3971 ad
1237 3900 1425 3992 Evangelii
1441 3917 1473 3972 et
1497 3926 1560 3992 per
1575 3906 1813 3977 ministerium
1831 3913 2004 3985 efficacem
2020 3913 2102 3995 esse.
2155 3923 2229 3996 Re.

189 4041 311 4090 veram
328 4017 525 4092 doctrinam
543 4007 801 4104 Prophetarum
819 4001 1111 4097 etApostolorum
1131 4030 1185 4073 rc·
1239 4019 1290 4073 cte
1316 4020 1349 4075 et
1369 4000 1436 4073 hoc
1457 4006 1635 4091 adfirmat,
1660 4009 1903 4100 disciplinam,
1931 4018 1966 4086 id
1984 4035 2054 4105 est,
2082 4020 2228 4098 honesta

191 4120 349 4203 vocavit,
383 4118 557 4198 ostendit,
590 4111 812 4184 horribiliter
839 4133 954 4178 errare
986 4102 1184 4201 Pelagium
1238 4131 1344 4198 opera
1368 4100 1544 4175 humanae
1568 4108 1716 4178 rationis
1740 4112 1815 4182 sine
1841 4117 2104 4207 spiritusancto
2127 4128 2232 4215 facta,

194 4236 380 4313 negantem
411 4210 591 4312 peccatum
623 4216 789 4305 originis,
822 4212 1032 4281 monstravit
1059 4212 1184 4279 discri-
1237 4233 1302 4277 nec
1318 4209 1446 4276 mereri
1463 4210 1703 4278 remissionem
1721 4230 1964 4306 peccatorum,
1989 4249 2053 4293 nec
2079 4250 2151 4297 esse
2172 4232 2229 4302 iu-

192 4349 276 4395 men
305 4323 391 4413 legis
420 4337 454 4391 et
476 4319 683 4408 Evangelii,
716 4316 854 4398 docuit,
886 4315 1021 4384 remitti
1046 4327 1184 4403 peccata
1237 4311 1387 4393 stitiam,
1409 4334 1499 4402 quae
1520 4311 1624 4379 faeiat
1644 4306 1812 4385 haeredes
1832 4319 1925 4389 vitae
1949 4336 2121 4397 aeternae.
2175 4329 2228 4405 Ac

194 4427 303 4516 gratis
324 4440 468 4517 propter
484 4423 596 4490 filium
613 4421 689 4503 dei,
722 4444 796 4487 non
814 4431 956 4507 propter
977 4416 1183 4503 dignitatem
1237 4413 1413 4503 praeclare
1429 4412 1530 4480 dicit:
1559 4437 1599 4480 ex
1615 4414 1690 4503 lege
1705 4417 1870 4488 timemus
1884 4423 2000 4497 deum.
2052 4427 2121 4499 Sed
2140 4435 2227 4504 alibi

193 4543 371 4611 nostram,
398 4528 580 4606 adfirmat,
605 4520 839 4610 Evangelium
858 4542 930 4587 esse
946 4517 1182 4584 ministerium
1238 4538 1339 4604 saepe
1362 4514 1465 4596 dicit,
1492 4514 1673 4584 iustificari
1698 4512 1860 4590 homines
1885 4548 1949 4614 per
1970 4531 2118 4616 gratiam
2144 4538 2226 4607 dato

190 4631 354 4725 spiritus,
382 4630 503 4698 aclide
519 4626 628 4717 accipi
644 4625 807 4715 spiritum
824 4637 995 4692 sanctum.
1047 4616 1185 4686 Harum
1238 4616 1364 4705 spiritu
1378 4614 1499 4684 sancto
1521 4619 1732 4687 accendente
1752 4623 1978 4695 dilectionem
1995 4631 2033 4698 in
2050 4637 2229 4714 cordibus.

191 4735 424 4803 maximarum
450 4754 568 4799 rerum
594 4725 864 4818 explicationem
888 4722 1009 4791 multis
1032 4719 1186 4787 volumi·
1236 4716 1334 4787 Haec
1351 4717 1535 4808 explicatio
1551 4742 1623 4787 non
1642 4733 1691 4788 est
1707 4721 1855 4812 integra.
1905 4726 2051 4801 Necesse
2066 4750 2118 4805 est
2133 4741 2227 4810 enim

190 4831 299 4906 nibus
314 4834 516 4926 complexus
533 4845 594 4914 est,
609 4855 711 4922 quae,
727 4829 757 4898 si
772 4843 928 4917 tempora
946 4837 979 4892 et
994 4821 1186 4890 sententiae
1238 4820 1337 4911 prius
1353 4820 1441 4903 dici,
1462 4821 1558 4912 quod
1576 4834 1609 4889 et
1628 4820 1702 4911 ipse
1719 4848 1820 4916 saepe
1835 4829 2024 4918 significat,
2042 4837 2085 4904 de
2102 4845 2227 4912 remis·

191 4941 388 5030 prudenter
422 4935 665 5015 conferantur,
713 4931 795 4999 satis
830 4928 1022 4997 ostendunt
1054 4922 1187 5006 lectori,
1239 4922 1338 4990 sione
1353 4934 1596 5012 peccatorum,
1622 4928 1801 5014 quomodo
1819 4932 2042 5022 acquiescant
2058 4956 2230 5027 perterre.

193 5043 314 5110 dextre
340 5054 375 5109 et
401 5062 476 5105 non
509 5033 725 5104 calumniose
757 5029 952 5108 iudicanti,
987 5040 1080 5096 recte
1106 5050 1185 5094 eum
1239 5025 1348 5092 factae
1374 5035 1528 5107 mentes,
1568 5028 1747 5115 quomodo
1780 5031 1954 5121 accipiant
1987 5041 2228 5117 remissionem

191 5143 342 5222 sentire,
369 5154 508 5211 etcum
532 5152 652 5206 nostra
668 5132 826 5204 Ecclesia
844 5134 887 5200 de
913 5127 969 5199 his
996 5129 1081 5221 ipsis
1101 5127 1188 5195 locis
1240 5138 1483 5217 peccatorum,
1517 5127 1613 5196 unde
1639 5152 1739 5198 mens
1767 5130 1806 5199 in
1831 5156 1942 5222 agone
1965 5139 2118 5213 sentiens
2141 5147 2228 5219 iram

192 5266 400 5335 congruere.
456 5240 525 5310 Sed
557 5253 677 5309 tamen
703 5237 789 5305 alias
814 5234 924 5323 magis
953 5232 1039 5300 alias
1069 5232 1188 5299 minus
1242 5229 1298 5298 dei
1313 5227 1590 5297 consolationem
1606 5244 1724 5319 petere
1740 5233 1875 5307 debeat.
1912 5234 1994 5307 Non
2012 5243 2231 5335 adproprias

192 5361 278 5418 sunt
294 5344 478 5437 perspicua
494 5342 570 5411 eiras
586 5342 735 5432 scripta,
761 5339 860 5407 cuius
881 5335 933 5404 rei
951 5329 1016 5402 hae
1031 5331 1188 5402 fortassis
1242 5330 1390 5401 virtutes
1410 5330 1615 5400 deducenda
1642 5348 1703 5406 est.
1760 5333 1813 5404 Ne
1837 5337 1912 5429 ipse
1934 5341 2077 5432 quidem
2103 5345 2232 5444 Augu.

192 5473 319 5521 causae
343 5460 448 5529 sunt,
475 5444 559 5537 quia
584 5468 649 5512 nec
673 5442 741 5534 ipsi
760 5465 800 5510 ex
816 5438 965 5527 caligine
980 5436 1035 5505 sui
1052 5451 1190 5525 tempo·
1242 5431 1363 5503 stinus
1378 5432 1573 5502 moriturus
1595 5433 1700 5505 dixit:
1726 5436 1830 5508 video
1848 5441 2037 5530 puritatem
2060 5474 2159 5519 meae
2179 5456 2233 5523 di.

190 5552 243 5622 ris
260 5573 405 5645 prorsus
423 5544 571 5617 eluctari
587 5546 689 5616 facile
712 5543 791 5631 fuit.
828 5540 964 5635 „Altera
990 5551 1115 5608 natura
1140 5550 1190 5608 est
1243 5534 1423 5621 lectionis;
1451 5530 1543 5604 hanc
1558 5560 1701 5627 oppono
1723 5539 1855 5611 iudicio
1875 5542 1950 5625 dei,
1976 5565 2121 5641 propter
2144 5549 2236 5628 hanc

1553 5629 1640 5709 st·

1517 5772 1548 5835 e
