4868 6420
190 521 386 594 necessaria
401 517 504 590 bonis
519 514 718 597 mentibus,
740 511 828 582 scire
843 515 948 581 desem
967 535 1040 580 non
1060 507 1185 596 alliga-

191 640 268 697 tum
286 649 359 694 esse
374 625 416 692 ad
435 643 555 690 causas
569 619 758 700 secundas,
773 617 834 684 sed
851 613 1031 683 liberrime
1045 611 1185 680 flectere

192 741 328 797 mentes
359 720 549 793 hominum
580 723 622 789 ad
657 719 823 790 salutaria
844 716 1014 797 consilia,
1048 708 1186 781 etiamsi

193 844 342 900 naturae
358 825 608 894 inclinationes
624 835 711 891 tetra
727 821 920 890 minantur.
961 812 1186 905 Aspiciamus

193 931 303 1020 igitur
326 953 391 998 nos
416 929 510 1017 ipsos
527 939 563 994 et
583 939 742 1006 nostros,
768 946 856 1014 quos
872 944 991 1008 regere
1008 917 1187 995 debemus,

172 1120 175 1132 Ι
193 1056 259 1102 nec
277 1056 342 1101 nos
359 1030 453 1097 solos
472 1024 565 1096 hanc
579 1039 736 1094 nostram
754 1020 850 1111 Argo
872 1024 1068 1111 gubernare
1086 1037 1185 1106 posse

195 1133 428 1213 arbitremur,
453 1131 512 1198 sed
538 1128 792 1214 adiungamus,
818 1124 922 1194 nobis
946 1125 1051 1189 deum
1073 1130 1188 1185 recto-

196 1261 291 1315 rem,
327 1249 368 1304 ut
392 1231 494 1300 toties
517 1232 603 1322 deus
629 1230 703 1319 ipse
724 1227 904 1319 praecipit.
961 1220 1009 1290 Et
1024 1216 1188 1290 Christus

194 1338 330 1429 inquit:
353 1328 506 1429 Quanto
524 1328 646 1422 magis
662 1339 769 1424 pater
783 1323 944 1397 eoelestis
960 1318 1066 1392 dabie
1077 1318 1190 1418 spiri-

198 1447 275 1508 tum
290 1446 458 1508 sanctum
469 1429 685 1531 petentibus.

300 1571 419 1641 Tertia
451 1570 629 1638 actionum
658 1587 760 1634 causa
788 1574 840 1631 est
861 1560 1035 1630 diabolus.
1098 1554 1189 1625 Nam

199 1675 353 1747 Neronis
393 1674 530 1741 furores
572 1692 646 1735 non
685 1691 705 1734 a
738 1675 1014 1754 temperamento
1053 1671 1190 1727 tantum

200 1779 384 1856 oriuntur,
410 1798 449 1842 ac
466 1769 742 1840 innumerabiles
758 1762 940 1848 homines,
967 1762 1071 1831 bonis
1085 1772 1190 1827 natu-

199 1881 249 1950 ris
265 1876 434 1971 praediti,
460 1869 681 1940 horribiliter
697 1870 735 1936 in
751 1870 878 1935 scelera
893 1879 1004 1934 ruunt
1019 1877 1053 1932 et
1069 1855 1191 1952 oppri-

200 1993 349 2051 muntur
380 1974 590 2046 tristissimis
622 1972 778 2054 casibus3
814 1982 854 2037 ut
877 1967 982 2050 Saul,
1015 1960 1191 2053 Oedipus,

202 2105 354 2176 quorum
377 2079 468 2146 facta
492 2088 525 2143 et
549 2070 694 2141 eventus
719 2096 793 2140 non
814 2072 858 2138 ad
884 2090 1005 2138 causas
1026 2066 1192 2135 coelestes

202 2186 421 2264 referuntur,
446 2178 506 2247 sed
523 2177 567 2244 ad
582 2174 777 2244 diabolum

303 2299 407 2370 Hanc
432 2319 616 2366 causarum
632 2292 869 2362 diversitatem
892 2288 930 2355 in
948 2287 1020 2357 vita
1037 2287 1192 2375 profecto

203 2427 342 2477 necesse
361 2414 413 2470 est
429 2395 663 2477 considerari,
690 2407 730 2463 ut
749 2393 810 2461 ubi
826 2395 951 2458 natura
968 2390 1193 2457 conforman-
1219 2407 1222 2436 ¹

204 2511 249 2577 da
272 2506 335 2588 sit,
361 2502 424 2571 ubi
445 2498 688 2590 reprimenda,
711 2519 816 2586 quam
834 2492 935 2558 valde
958 2512 1045 2579 opus
1069 2491 1115 2558 sit
1130 2511 1195 2576 gu-

204 2612 393 2678 bernatore
415 2601 490 2671 Deo
511 2616 545 2671 et
570 2614 700 2692 quanta
719 2592 899 2682 vigilantia
926 2593 1101 2660 cavendae
1124 2591 1195 2658 sint

204 2709 354 2780 insidiae
381 2703 535 2787 diaboli,
577 2701 780 2787 cogitemus.
840 2691 937 2762 Haec
971 2685 1196 2783 philosophia

205 2813 313 2900 digna
343 2822 394 2877 est
418 2805 523 2874 bonis
558 2815 592 2870 et
618 2800 748 2883 doctis,
781 2810 815 2865 et
841 2797 1006 2885 prodesse
1036 2818 1112 2863 eam
1142 2793 1197 2861 illi

205 2915 342 2995 sciunt,
368 2909 429 3001 qui
445 2930 520 2975 eam
536 2918 716 2994 utcunque
734 2910 904 2968 exercent.

311 3028 408 3117 Quid
432 3039 483 3094 est
507 3021 695 3113 disciplina
723 3014 890 3100 honesta,
915 3013 986 3083 nisi
1008 3008 1095 3081 haec
1116 3008 1200 3078 dili-

208 3133 326 3228 gentia
344 3129 515 3218 regendae
529 3124 641 3207 vitae,
668 3145 757 3213 quae
782 3118 853 3186 nisi
873 3115 1066 3208 prospectis
1089 3110 1201 3181 causis

209 3239 355 3309 existere
372 3255 445 3299 non
460 3226 596 3320 potest?
646 3222 779 3294 Utilem
800 3219 909 3308 igitur
929 3240 1001 3285 esse
1025 3216 1068 3282 ad
1086 3234 1202 3280 mores

208 3337 382 3429 regendos
403 3328 496 3400 hanc
511 3324 756 3395 divinatricem
779 3310 1004 3390 manifestum
1020 3329 1088 3395 est,
1114 3337 1203 3405 quae

210 3456 359 3512 naturae
383 3429 632 3502 inclinationes
652 3436 840 3506 monstrat,
866 3435 905 3490 ut
920 3421 1033 3489 bonae
1051 3414 1204 3485 exciten-

212 3559 272 3616 tur
286 3554 359 3610 arte
375 3550 408 3606 et
425 3530 563 3602 vitiosis
576 3530 716 3597 frenum
742 3523 932 3594 iniiciatur.

313 3650 419 3724 Nunc
438 3648 552 3718 facilis
576 3660 628 3715 est
649 3642 833 3734 explicatio
856 3639 942 3708 dicti
962 3634 1146 3706 Ieremiae:
1179 3657 1205 3703 a

214 3753 336 3852 signis
362 3746 474 3821 nolite
496 3746 629 3817 timere.
694 3739 729 3812 Ο
759 3744 899 3811 dulcem
929 3737 1206 3809 consolationem

215 3857 381 3930 ecclesiae
405 3865 438 3922 et
459 3850 625 3920 omnibus
647 3848 751 3915 deum
776 3843 1025 3912 invocantibus
1044 3838 1207 3931 proposi-

214 3978 301 4033 tam.
359 3955 442 4025 Non
468 3954 514 4021 ait
543 3947 728 4027 Ieremias,
761 3940 852 4013 nihil
885 3966 957 4012 esse
983 3943 1080 4030 signa
1106 3939 1207 4018 coeli,

215 4066 310 4145 imo,
345 4081 425 4126 curn
446 4053 607 4123 nominat
629 4050 745 4136 signa,
769 4044 934 4137 portendi
953 4043 1089 4135 aliquid
1113 4042 1208 4108 affir-

216 4177 303 4236 mat.
355 4156 556 4249 Antequam
580 4151 827 4242 Hierosolyma
850 4169 968 4222 eversa
994 4157 1063 4223 est,
1096 4165 1211 4235 quan-

218 4283 296 4338 tum
318 4262 387 4330 fuit
410 4257 675 4350 prodigiorum,
708 4243 915 4339 eclipsium,
939 4246 1094 4315 tristium
1127 4267 1212 4312 con-

221 4360 470 4437 iunctionum?
520 4356 617 4425 Haec
640 4351 909 4422 denunciabunt
935 4347 1109 4416 excidium
1140 4345 1213 4412 illis

222 4463 429 4538 miserrimis
445 4459 659 4531 civitatibus.
712 4449 760 4521 Et
776 4473 980 4545 quanquam
1005 4447 1043 4515 in
1064 4443 1131 4515 hac
1156 4446 1214 4513 in-

222 4569 387 4641 firmitate
414 4576 560 4632 naturae
582 4571 714 4626 mentes
732 4567 813 4623 sunt
835 4551 979 4622 timidae
995 4562 1028 4617 et
1043 4547 1215 4638 prodigiis

221 4682 423 4748 moventur,
450 4687 551 4754 saepe
567 4657 840 4761 expavescebant
856 4675 978 4722 eorum
993 4663 1154 4743 pectora,
1181 4663 1216 4719 et

224 4772 287 4867 qui
304 4773 410 4839 deum
429 4791 509 4835 vere
525 4765 703 4835 colebant:
730 4772 849 4827 tamen
862 4751 920 4823 his
937 4752 1216 4821 consolationem

223 4867 389 4946 Christus
414 4868 629 4946 tradiderat,
659 4882 862 4935 mansuram
886 4877 959 4925 esse
980 4852 1162 4924 ecclesiam
1184 4864 1219 4921 et

223 4973 429 5046 habituram
443 4966 596 5059 hospitia
614 4965 652 5033 in
668 4962 747 5031 aliis
763 4960 863 5032 locis.

329 5090 390 5162 Sic
414 5083 594 5169 Christus,
627 5104 707 5151 cum
730 5075 902 5169 praedicit
932 5069 1131 5144 horrendos
1162 5085 1221 5144 tu-

226 5196 361 5266 multus
378 5189 474 5259 orbis
487 5203 662 5257 terrarum
676 5195 711 5249 et
731 5178 947 5249 tristissimas
962 5179 1085 5245 ruinas
1108 5174 1222 5265 impe-

228 5299 386 5378 riorum,
401 5290 524 5361 adiicit
539 5283 836 5358 consolationem:
864 5275 999 5361 instat,
1016 5277 1151 5369 inquit,
1168 5297 1223 5345 re-

230 5395 365 5470 demtio
382 5402 511 5465 vestra.
564 5387 617 5460 Ac
638 5382 775 5478 precari
793 5380 912 5460 iubet,
938 5393 979 5449 ut
994 5379 1089 5450 inter
1102 5400 1222 5447 rerum

229 5498 470 5572 humanarum
485 5489 709 5565 confusiones
724 5505 916 5556 servemur.

1262 329 1371 406 mn
1403 325 1468 405 1x.
1521 327 1656 403 1⁵4⁵.
2156 322 2231 452 ⁸32

1340 501 1392 572 lta
1413 501 1597 581 Ieremias,
1633 501 1717 571 etsi
1739 500 1946 591 impendent
1964 523 2110 591 magnae
2134 501 2228 570 cala-

1236 605 1391 690 mitates,
1406 617 1524 674 tamen
1542 605 1617 673 vult
1633 627 1699 674 nos
1713 605 1935 674 confirmatos
1949 627 2031 673 vera
2046 602 2227 692 agnitione

1238 721 1272 777 et
1301 706 1525 777 invocatione
1546 706 1604 775 dei
1625 721 1821 798 exspectare
1844 692 2016 775 auxilium
2040 718 2075 773 et
2096 705 2227 774 libera·

1238 811 1385 880 tionem.

1299 941 1302 946 ‘
1340 926 1540 999 Fatendum
1554 942 1623 1012 est,
1647 953 1720 997 esse
1735 952 1789 997 res
1805 929 1914 998 malas
1930 943 1965 999 et
1981 954 2227 1015 saevas,m0r-

1238 1046 1326 1115 tem,
1359 1032 1557 1116 eversiones
1583 1032 1746 1113 urbium,
1786 1046 1941 1121 spectare
1974 1056 2076 1100 neces
2103 1034 2229 1103 coniu-

1239 1157 1322 1224 gum
1347 1158 1385 1201 ac
1407 1132 1619 1216 liberorum,
1652 1133 1778 1201 abduci
1801 1133 1839 1200 in
1861 1134 1975 1205 exilia.
2032 1132 2128 1203 llaec
2153 1159 2227 1203 non

1240 1229 1443 1305 suntnihil.
1490 1230 1539 1302 Et
1561 1247 1677 1302 tamen
1692 1235 1769 1324 pios
1786 1235 1833 1303 ita
1849 1248 1988 1325 oportet
2006 1237 2228 1306 confirmatos

1241 1360 1333 1420 esse,
1360 1360 1405 1404 ne
1419 1347 1516 1403 metu
1529 1329 1655 1404 harum
1672 1360 1809 1419 rerum,
1842 1360 1922 1404 cum
1937 1349 1998 1406 aut
2013 1337 2230 1428 impendent,

1242 1452 1302 1508 aut
1318 1436 1454 1508 suntin
1471 1451 1671 1526 conspectu,
1695 1439 1915 1525 frangantur.
1966 1438 2148 1529 Sapientia
2168 1453 2229 1524 est,

1242 1540 1395 1631 aspicere
1420 1552 1583 1608 naturam
1606 1562 1723 1622 suam,
1752 1540 1810 1606 sed
1839 1541 1947 1627 magis
1964 1542 2155 1610 necessaria
2174 1566 2230 1610 sa-

1242 1641 1375 1735 pientia
1397 1655 1467 1724 est,
1495 1655 1666 1710 rectorem
1691 1642 1796 1708 deum
1821 1641 2022 1730 adiungere.
2082 1640 2230 1736 Siquid

1242 1744 1327 1811 mali
1352 1756 1413 1812 aut
1435 1755 1609 1811 astrorum
1628 1743 1781 1834 positus,
1806 1757 2028 1832 autnaturae
2045 1744 2229 1816 inclinatio

1242 1846 1446 1928 minitatur,
1479 1842 1628 1911 sciamus
1654 1845 1759 1912 deum
1782 1837 1935 1934 etposse
1952 1859 1987 1915 et
2002 1846 2091 1913 velle
2109 1850 2232 1918 mode-

1243 1947 1316 2017 rari
1333 1958 1497 2030 eventus,
1519 1946 1549 2013 si
1567 1946 1683 2036 ipsum
1700 1969 1780 2013 vere
1797 1945 2011 2020 invocemus.

1345 2078 1536 2149 Sciendum
1564 2092 1616 2148 est
1639 2091 1755 2146 autem
1778 2091 1811 2149 et
1836 2103 1907 2171 quo
1930 2081 2056 2147 ordine
2077 2081 2233 2151 actiones

1245 2181 1486 2273 suscipiendae
1510 2180 1590 2252 sint.
1650 2178 1731 2248 Non
1763 2195 1902 2249 moveat
1928 2180 2020 2249 bella
2043 2180 2233 2273 Pompeius

1245 2285 1355 2353 fretus
1375 2297 1549 2352 astrorum
1571 2282 1708 2372 positu,
1736 2283 1795 2349 sed
1813 2284 2029 2371 obtemperet
2046 2285 2234 2358 vocationi.
2304 2348 2305 2352 ,

1246 2384 1388 2454 Etcum
1405 2383 1539 2452 vocatio
1559 2383 1713 2472 postulat
1725 2406 1819 2450 arma
1836 2383 1931 2473 capi,
1953 2387 2160 2455 mandatum
2177 2386 2235 2455 dei

1247 2487 1415 2555 omnibus
1429 2485 1625 2556 terroribus
1641 2485 1865 2556 anteferatur.

1338 2617 1581 2710 Relinquitur
1606 2639 1707 2704 ergo,
1734 2611 1825 2686 hanc
1846 2617 2091 2693 divinatricem
2106 2623 2239 2693 doctri-

1249 2744 1331 2789 nam
1346 2742 1419 2787 esse
1433 2715 1612 2812 physicam
1629 2742 1669 2786 ac
1684 2731 1830 2786 naturae
1848 2720 2101 2808 aspectionem‚
2116 2723 2154 2790 in
2169 2747 2239 2816 qua

1249 2833 1522 2913 temperamenta
1540 2834 1574 2889 et
1587 2818 1854 2899 inclinationes,
1887 2834 2059 2913 quantum
2081 2823 2156 2891 fieri
2174 2849 2241 2915 po-

1251 2921 1336 3002 test,
1363 2922 1568 2991 iudicantur
1589 2922 1681 2990 etad
1700 2943 1820 2989 causas
1835 2922 2000 2991 coelestes
2017 2925 2238 2996 referuntur:

1253 3048 1340 3118 quas
1363 3026 1502 3092 easdem
1522 3045 1577 3091 res
1602 3035 1635 3092 et
1657 3022 1785 3091 medici
1801 3023 2046 3109 considerant,
2070 3028 2130 3094 sed
2150 3029 2242 3097 refe*

1253 3140 1340 3198 runt
1362 3127 1407 3194 ad
1432 3147 1553 3194 causas
1577 3123 1778 3215 propiores,
1818 3124 1950 3194 scilicet
1973 3128 2017 3193 ad
2047 3130 2242 3203 materiam.

1255 3230 1365 3317 Saepe
1389 3240 1505 3296 autem
1528 3249 1616 3314 opus
1640 3238 1691 3293 est
1720 3238 1887 3318 utrasque
1912 3251 2031 3295 causas
2059 3231 2242 3320 propiores

1255 3346 1289 3403 et
1306 3328 1511 3398 remotiores
1528 3326 1646 3416 aspici.
1697 3327 1795 3397 Talis
1808 3340 1924 3397 autem
1938 3323 2080 3421 physica
2096 3347 2243 3401 naturae

1256 3431 1407 3523 aspectio
1431 3453 1505 3497 non
1529 3441 1580 3496 est
1601 3429 1859 3518 superstitiosa,
1887 3454 1967 3497 cum
1983 3432 2028 3499 sit
2044 3433 2244 3503 considera-

1257 3533 1307 3604 tio
1325 3532 1528 3600 divinorum
1547 3554 1712 3623 operum,
1737 3554 1841 3622 quam
1860 3532 1981 3600 docuit
1999 3526 2161 3601 homines
2184 3559 2245 3603 ex-

1258 3633 1447 3727 perientia,
1472 3644 1513 3699 ut
1528 3630 1700 3723 reliquam
1715 3627 1902 3724 physicen,
1928 3646 1970 3702 ut
1985 3627 2175 3704 herbarum
2192 3637 2245 3704 vi-

1258 3736 1363 3806 resin
1380 3733 1602 3804 medicando.
1641 3791 1644 3799 .

1359 3846 1535 3919 Basilius
1567 3849 1607 3916 in
1640 3850 1861 3919 enarratione
1894 3850 2017 3941 capitis
2051 3853 2095 3920 de
2127 3877 2247 3922 rerum

1253 3954 1435 4025 ‘creatione
1460 3953 1615 4031 siderum
1639 3951 1840 4020 ellectiones
1863 3953 1957 4021 tollit
1978 3947 2046 4021 hoc
2061 3977 2248 4043 argumen-

1261 4071 1315 4127 to:
1367 4054 1407 4125 si
1425 4078 1442 4121 a
1461 4053 1633 4120 sideribus
1651 4049 1797 4121 vitios'ae
1813 4054 2060 4122 inclinationes
2086 4068 2147 4124 aut
2172 4081 2247 4125 sce-

1261 4160 1334 4227 lera
1357 4156 1553 4238 orirentur,
1587 4157 1673 4221 deus
1690 4177 1798 4223 causa
1820 4169 1907 4223 esset
1934 4149 2171 4225 humanorum
2195 4159 2251 4225 vi-

1262 4261 1394 4329 tiorum
1412 4281 1450 4325 ac
1465 4258 1638 4326 furorum.
1690 4251 1786 4323 Haec
1806 4256 2029 4325 ratiocinatio
2052 4258 2251 4348 plausibilis

1266 4359 1377 4428 videri
1400 4370 1516 4449 posset
1542 4353 1702 4439 ethnico;
1737 4357 1839 4425 nobis
1863 4357 1900 4423 in
1925 4359 2066 4427 ecclesia
2091 4360 2252 4429 dolorem

1263 4483 1389 4549 augere
1406 4460 1525 4541 debet,
1545 4462 1638 4550 quod
1656 4452 1742 4525 haec
1756 4472 1936 4546 praestans
1951 4471 2092 4543 natura,
2117 4485 2256 4553 nequa-‚

1265 4587 1371 4657 quarn
1387 4561 1529 4631 volente
1545 4562 1630 4641 deo,
1656 4560 1695 4626 in
1710 4554 1774 4626 has
1794 4573 1908 4629 tantas
1923 4584 2108 4630 aerumnas
2124 4586 2161 4630 se
2177 4564 2254 4653 ipsa

1265 4663 1463 4756 profecerit.
1513 4660 1552 4732 Si
1569 4657 1752 4729 bominum
1773 4675 1898 4729 natura
1913 4663 2095 4731 mansisset
2110 4663 2259 4751 integra,

1267 4765 1420 4836 fulsisset
1433 4763 1592 4832 in'nobis
1607 4762 1667 4828 lux
1683 4762 1804 4830 divina
1817 4788 1833 4846 ‚·
1853 4763 2079 4849 gubernatrix
2095 4765 2255 4833 omnium

1268 4880 1448 4950 motuum,
1482 4878 1517 4932 et
1535 4864 1654 4932 stellae
1684 4864 1723 4930 in
1749 4864 1893 4934 materia
1915 4888 1989 4933 non
2020 4865 2258 4935 contaminata

1270 4971 1357 5039 alias
1384 4966 1537 5036 actiones
1561 4960 1777 5034 habuissent.
1828 4961 1876 5035 At
1898 4989 1994 5035 nunc
2018 4967 2056 5034 in
2071 4963 2127 5036 his
2142 4968 2259 5036 sordi-

1270 5074 1337 5141 bus
1360 5067 1573 5137 infeliciores
1601 5079 1685 5136 sunt
1709 5067 1865 5136 actiones
1878 5081 1923 5145 ,et
1950 5069 2100 5138 extincta
2122 5083 2173 5138 est
2197 5070 2260 5137 illa

1271 5175 1350 5254 lux,
1373 5192 1463 5263 quae
1486 5168 1628 5238 rexisset
1649 5191 1772 5236 omnes
1789 5163 1967 5237 humanos
1985 5182 2113 5242 motus.
2164 5167 2262 5240 Haec

1272 5273 1490 5363 deploranda
1507 5269 1644 5344 suntin
1659 5266 1783 5338 Basilii
1798 5269 2088 5355 ratiocinatione,
2107 5295 2181 5340 non
2198 5273 2262 5341 de-

1273 5375 1427 5445 iicienda
1446 5374 1490 5440 de
1507 5372 1604 5441 coelo
1626 5371 1740 5463 sidera
1766 5385 1799 5440 et
1818 5371 2063 5459 cogitandum,
2089 5387 2261 5464 quantum

1275 5479 1382 5547 decus
1405 5471 1561 5556 humana
1583 5487 1710 5544 natura
1730 5472 1905 5558 amiserit,
1937 5498 2043 5568 quam
2062 5474 2164 5546 triste
2188 5498 2264 5543 ma-

1469 5567 1564 5674 se·-
