4868 6420
1025 1288 1225 1424 1543.

114 1583 178 1656 No,
194 1583 305 1658 261¹.

119 1680 293 1710 Μ

984 1603 1014 1661 1.
1031 1592 1094 1657 lan.

969 1689 1103 1717 ΝΜ

418 1767 463 1854 V
459 1773 522 1852 ito
556 1766 792 1853 Theodoro.

249 1947 335 2019 Epist.
351 1946 399 2004 tib.
412 1945 458 2001 lV.
477 1966 504 2019 p.
520 1947 568 2002 156
581 1965 620 2018 sq.

407 2100 520 2178 Viso
551 2097 812 2175 Theodoro.

112 2164 226 2306 Cum
251 2238 289 2307 in
311 2238 398 2330 ipsis
412 2237 579 2310 Calendis
602 2236 775 2309 Ianuariis
796 2233 889 2308 hanc
903 2227 1102 2328 Epistolam

109 2339 318 2425 scriberem,
348 2333 610 2435 εὐφημότατον
633 2339 750 2409 visum
773 2332 842 2426 est,
882 2339 985 2409 initio
1010 2341 1101 2411 bene

109 2440 246 2530 precari
262 2435 439 2510 Ecclesiae
457 2455 490 2511 et
503 2440 609 2533 Reip.
652 2440 774 2534 ltaque
790 2454 865 2513 toto
880 2455 1020 2533 pectore
1037 2467 1099 2512 oro

108 2539 244 2626 Deum,
269 2538 412 2611 Patrem
427 2541 644 2613 Liberatoris
657 2543 771 2613 nostri
790 2540 869 2613 Iesu
882 2537 1038 2630 Christi,
1059 2559 1101 2616 ut

108 2642 167 2712 det
182 2666 316 2711 annum
332 2643 486 2713 faustum
505 2643 662 2727 felicem,
693 2645 925 2738 tranquillum
942 2640 1100 2722 Univer-

107 2766 165 2814 sae
189 2739 368 2813 Ecclesiae
393 2768 493 2830 suae,
530 2745 655 2827 tibist
679 2746 834 2815 familiae
857 2762 956 2831 tuae,
997 2760 1031 2816 et
1055 2747 1098 2816 iis

24 2928 26 2932 ι
106 2846 289 2938 gentibus,
316 2870 406 2939 quae
422 2841 617 2939 hospitium
633 2848 804 2939 praebent
818 2845 997 2919 Ecclesiis.

205 2943 391 3016 Danielem
415 2947 482 3017 tibi
502 2949 625 3035 mitto,
653 2961 696 3019 ut
714 2949 844 3018 addam
869 2949 980 3017 veteri
1000 2974 1098 3019 more

102 3048 262 3133 xenium,
285 3072 350 3118 nec
363 3073 495 3135 moror,
519 3050 657 3121 etiamsi
672 3049 833 3120 dissentit
847 3048 991 3139 Collega
1004 3062 1096 3124 tuus.

104 3149 222 3219 Velim
240 3175 323 3218 sane
346 3176 427 3219 eum
452 3154 609 3243 proferre
627 3151 774 3233 meliora
799 3164 833 3220 et
855 3146 1097 3248 ἀκριβέστερα

103 3253 148 3319 de
165 3252 413 3340 supputatione
429 3248 710 3338 hebdomadum,
736 3252 872 3323 etiamsi
887 3267 1007 3324 nostra
1022 3279 1095 3324 non

89 3354 297 3423 ,admodum
317 3354 459 3446 spinosa
482 3370 545 3447 est.
603 3354 672 3426 Sed
703 3366 804 3423 tuum
833 3353 1006 3424 iudicium
1037 3380 1091 3425 ex-

101 3468 215 3546 pecto.
639 3540 653 3548 .-

205 3553 278 3628 Res
290 3554 452 3644 Belgicae
466 3550 555 3625 mihi
569 3554 786 3646 displicent,¹
819 3553 889 3626 Sed
905 3556 1001 3626 orbis
1023 3572 1096 3628 ter-

101 3681 223 3725 rarum
245 3659 315 3726 fato
340 3659 461 3750 aliquo
484 3670 640 3747 urgetur.
705 3655 779 3727 Nos
801 3653 918 3726 Deum
942 3683 1095 3746 oremus,

100 3771 142 3828 ut
175 3783 306 3848 poenas
339 3760 500 3851 publicas
530 3759 676 3846 mitiget.
732 3752 781 3828 Et
810 3758 870 3828 det
899 3753 1094 3832 ἅλκυόνεια

100 3855 227 3951 ἤματα
244 3857 420 3930 Ecclesiae
446 3885 529 3930 suae
552 3855 667 3955 adhuc
689 3859 907 3933 soetific'anti.
957 3860 1094 3932 Literas

102 3985 189 4052 quas
205 3961 333 4031 inclusi
349 3963 437 4045 tuis,
460 3959 584 4033 exhibe
598 3961 643 4035 D.
654 3954 868 4034 FrancIsdo.
893 3959 991 4032 Bene
1006 3964 1092 4038 vale.

43 4146 46 4155 ,
100 4058 358 4135 Callanuarii.
387 4059 495 4138 1548.
623 4155 628 4165 ‚
679 4149 681 4155 ,
737 4164 741 4175 .
884 4148 894 4157 ,
992 4164 996 4173 ,

107 4173 113 4184 “
375 4179 411 4227 Ἣ
495 4256 497 4261 ,
610 4177 799 4273 Philippus
815 4176 1040 4276 Melanthon,

105 4405 141 4414 ι.-
148 4405 347 4416 *υ*-

99 4566 165 4638 Νο.
181 4566 294 4639 2613.

105 4663 277 4691 Μ

274 4828 277 4837 ,
398 4852 406 4863 ⁸
495 4746 682 4859 ¹Eidem.
716 4754 870 4873 *ff*

955 4660 1090 4690 ΝΜ

252 4927 338 4997 Epist.
354 4923 466 4982 lib.'lV.
483 4943 510 4997 p.
527 4925 632 4994 ldisq.
686 4955 691 4963 ·
960 4882 964 4893 Ι
1033 4960 1076 4999 Ἦ.

269 5084 273 5090 ’
338 5160 343 5191 ·.
399 5050 913 5199 *Vitoil’h'eodo'roi'⁸‚'wl
961 5137 969 5169 ἱ

102 5207 379 5316 Εὐφημότερον
396 5211 506 5288 οὐδέν
527 5215 626 5294 ἐστιν
643 5205 959 5322 adosssodnpitqp.
1012 5205 1093 5280 Uti-

102 5351 184 5394 nam
201 5322 311 5411 igitur
330 5319 376 5388 sit
397 5342 502 5387 omen
523 5318 626 5401 felix,
659 5317 755 5406 quod
780 5310 965 5393 hodie„bis
988 5313 1032 5380 ad
1058 5327 1091 5384 te

103 5427 237 5505 scribo,
269 5444 334 5488 nec
356 5420 427 5504 nlla
453 5423 552 5493 iure
572 5417 744 5497 libentius
759 5438 906 5505 operam
915 5436 1032 5503 pono,
1046 5430 1093 5501 ,et

1154 1587 1248 1680 quod
1271 1588 1394 1654 eodem
1418 1587 1476 1655 die
1499 1599 1577 1657 tuas
1592 1588 1712 1658 literas
1727 1592 1843 1683 accepi
1860 1594 1903 1662 de
1916 1591 2145 1693 Hieronymo

1162 1681 1327 1778 erfio‚
1367 1712 1454 1780 quas
1481 1690 1637 1779 primum
1665 1691 1766 1760 reddi
1792 1694 1949 1770 voluisti.
2005 1696 2142 1772 Eodem

1154 1789 1211 1857 die
1233 1789 1417 1859 nobiscum
1440 1789 1509 1860 suit
1523 1786 1684 1860 Iacobus
1698 1786 1902 1867 Lemonius'
1913 1792 2076 1887 Rhetus,
2105 1805 2158 1873 id·

1153 1906 1204 1960 est
1218 1887 1421 1975 Curiensis,
1453 1889 1636 1977 Medicus,
1666 1895 1723 1962 vir
1737 1897 1862 1967 doctus
1881 1912 1915 1969 et
1930 1925 2004 1971 non
2027 1906 2143 1976 solum

1151 1987 1414 2082 Philosophiae,
1441 1995 1500 2061 sed
1518 1994 1622 2063 etiam
1631 1992 1802 2068 Coelestis
1817 2000 1997 2073 doctrinae
2011 2029 2143 2093 amans,

1152 2082 1215 2184 qui
1233 2094 1420 2164 comitatus
1440 2093 1508 2164 suit
1523 2092 1658 2163 Ducem
1675 2094 1929 2172 saxonicarum
1947 2107 2144 2197 copiarum,

1151 2193 1208 2263 cui
1223 2217 1353 2264 nomen
1371 2206 1422 2265 est
1438 2218 1463 2264 a
1480 2188 1580 2286 Pfier
1595 2195 1634 2263 in
1649 2194 1864 2275 Pannonias.
1893 2232 1896 2238 ·
1918 2203 1952 2274 ls
1967 2209 2048 2301 quia
2065 2207 2144 2280 No-

1149 2294 1310 2384 ribergae
1333 2299 1455 2367 doctos
1477 2294 1584 2367 Viros
1607 2297 1760 2370 salutare
1787 2305 1969 2394 cupiebat,
2005 2311 2144 2401 petivit,

1149 2408 1189 2466 ut
1212 2420 1249 2465 se
1269 2397 1335 2468 tibi
1361 2401 1655 2473 commendarem.
1716 2400 1811 2485 Scis,
1840 2405 1891 2472 mi
1918 2403 2023 2490 Vite,
2054 2408 2151 2494 τοὺς.

1149 2491 1280 2591 φίλους
1292 2492 1453 2589 μάλιστα
1468 2503 1546 2573 τῶν
1562 2493 1685 2595 φίλων
1699 2497 1849 2584 κοινοὺς
1863 2501 1969 2582 εἶναι.
2021 2510 2142 2601 Quare

1149 2611 1183 2668 te
1205 2623 1309 2689 rogo,
1342 2615 1383 2672 ut
1400 2601 1527 2672 Virum
1550 2604 1697 2672 doctum
1720 2617 1755 2673 et
1774 2599 1965 2684 honestum
1986 2614 2142 2705 comple-

1148 2701 1269 2780 ctaris,
1295 2704 1387 2770 addo
1405 2705 1510 2770 etiam
1527 2702 1721 2776 Medicum.
1772 2701 1861 2775 Nam
1882 2710 1911 2778 is
1927 2714 2015 2782 ordo
2035 2718 2142 2786 nobis

1148 2810 1290 2890 propter
1303 2797 1570 2894 Philosophiam
1586 2825 1726 2894 semper
1738 2808 2048 2886 coniunctissimus
2061 2818 2141 2889 tuit.

1145 2899 1243 2971 Bene
1259 2902 1347 2972 vale.
1399 2902 1476 2979 Cal.
1493 2901 1632 2973 Ianuar.

1650 3018 1842 3119 Philippus
1862 3027 2090 3110 Melanthon.

1144 3379 1211 3454 No.
1227 3377 1341 3455 2614.

1151 3476 1322 3505 *om

1984 3386 2127 3470 *xlm
2203 3416 2205 3420 ⁴

1288 3550 1520 3670 naseam
1549 3570 1594 3649 tn
1619 3563 1792 3676 Septem·
1819 3577 1992 3668 arithm.
2098 3674 2101 3682 ,

1211 3743 1250 3797 Er
1271 3743 1363 3798 libro:
1392 3742 1571 3826 Aritbmetica
1587 3744 1702 3819 integre.
1738 3749 1860 3806 Auctore
1877 3751 2012 3810 M'clrnele
2030 3757 2139 3830 Stiseh'o

1158 3861 1160 3865 ,
1216 3871 1218 3875 ,
1246 3812 1370 3878 (Pastore
1384 3812 1512 3868 ecclesiae
1528 3813 1766 3885 Holtzdorfianae).
1803 3820 1874 3876 Cum
1891 3824 2058 3894 praefatione
2074 3830 2138 3887 Plri-

1246 3881 1312 3954 lippi
1327 3878 1556 3937 Melanchtbonis.
1591 3882 1788 3960 Norimbergae
1802 3889 1880 3947 154⁵.
1897 3894 1924 3945 t.

1229 4033 1491 4139 Philippus
1519 4035 1811 4117 Melanthos
1837 4043 1988 4122 Lectori
2005 4010 2051 4126 'S.

1140 4149 1251 4256 Ndh',
1277 4170 1368 4275 mihi
1383 4178 1419 4249 'si
1431 4171 1576 4269 linguae
1593 4195 1734 4252 centum
1751 4185 1823 4256 sint
1838 4211 1968 4281 oraque
1979 4174 2138 4281 eentum,

1141 4298 1350 4381 enumerare
1363 4301 1518 4373 possem,
1551 4305 1657 4373 qnam
1675 4284 1797 4367 multis
1815 4287 1854 4355 in
1868 4290 1973 4361 rebus
1993 4316 2077 4364 usus
2093 4297 2139 4368 sit

1141 4368 1383 4448 numeror'u'm.
1432 4377 1481 4448 Et
1500 4381 1548 4449 ita
1572 4382 1716 4453 suntin
1739 4404 1929 4480 conspectu
1951 4397 2059 4486 atquex
2070 4399 2138 4468 ob-

1141 4479 1219 4547 viae
1243 4478 1414 4553 utilitates
1436 4505 1511 4550 non
1534 4483 1649 4552 solum
1674 4509 1905 4560 numerorum
1938 4497 1998 4563 sed
2031 4498 2137 4568 etiam

1141 4580 1244 4664 artis,
1276 4605 1366 4677 quae
1388 4581 1511 4672 longas
1535 4597 1569 4654 et
1592 4584 1777 4658 intricatas
1801 4593 1956 4669 rationes
1980 4596 2137 4669 mirabili

1143 4679 1345 4772 dexteritate
1361 4682 1526 4753 subducit
1541 4698 1574 4753 et
1589 4687 1747 4777 explieat,
1764 4703 1805 4759 ut
1817 4694 1994 4763 neminem
2010 4724 2136 4792 quam-

1045 4861 1050 4870 ·
1089 4782 1092 4787 ’
1141 4758 1406 4877 libet‘hebetem
1426 4784 1500 4857 esse
1523 4786 1738 4875 existimem,
1773 4792 1835 4885 qui
1858 4820 1933 4864 non
1956 4812 1989 4868 et
2010 4824 2136 4872 nume-

1141 4909 1199 4953 ros
1213 4883 1362 4977 miretur
1377 4899 1412 4976 et
1426 4887 1469 4954 de
1483 4899 1557 4955 arte
1571 4886 1646 4980 ipsa
1660 4891 1837 4981 praeclare
1851 4899 1988 4968 sentiat.
2014 4899 2135 4990 Quare

1077 5066 1090 5081 ,.
1142 4983 1171 5052 si
1194 4986 1371 5075 prolixum
1394 4987 1593 5056 encomium
1610 4986 1725 5060 dehis
1742 4995 1954 5069 utilitatibus
1971 5001 2136 5075 institue-

1140 5108 1232 5168 rem,
1248 5130 1251 5137 ·
1266 5087 1413 5175 perinde
1429 5089 1579 5158 facerem
1601 5105 1641 5162 ut
1650 5088 1676 5187 ¹)
1695 5094 1724 5180 si
1741 5100 1986 5187 accenderem,
2011 5129 2136 5196 quem-

1141 5186 1333 5256 admodum
1345 5186 1473 5259 Graeci
1486 5191 1621 5287 dicunt,
1644 5192 1741 5289 ἕντῖ
1753 5197 1969 5298 μεσμηβρίᾳ
1984 5199 2132 5298 λύχνον.

1177 5441 1362 5583 ¹³⁰431,
