4882 6426
97 358 178 439 stt
192 452 195 456 ⁴

103 526 335 607 Eruditions
353 537 392 600 at
417 526 547 601 virtute
572 528 786 625 praestanti
804 525 1004 624 Magistro
1026 526 1111 601 Iu-

262 642 337 705 sto
356 628 528 719 Ionas,
547 628 639 726 filio
656 656 726 705 suo
746 631 958 719 carissrino,

103 750 146 844 S.
171 768 218 843 D.
268 768 360 841 Heri
375 772 470 843 filins
487 762 618 872 Crispi
622 770 820 845 Hellensis
835 769 906 844 buc
925 772 1041 853 venit,
1067 796 1107 842 ac

103 873 235 959 statim,
257 898 338 943 cum
353 876 397 944 de
414 900 505 970 equo
523 879 774 961 descendisset,
790 877 932 946 accessit
947 877 992 944 ad
1011 877 1105 947 dom.

104 969 319 1061 Pastorem,
344 973 536 1048 Doctorem
560 972 827 1063 Pomemnum,
850 976 1104 1069 expostulavit-

101 1101 173 1173 que
195 1100 277 1148 eum
302 1102 362 1163 eo,
403 1083 501 1174 quod
527 1082 571 1150 de
596 1096 709 1152 morte
732 1082 844 1174 patris
866 1082 1039 1173 quaedam
1064 1079 1102 1146 in

103 1178 276 1250 concione
293 1180 435 1252 dixisset
452 1196 487 1252 et
503 1183 691 1268 minitans,
713 1207 750 1252 se
764 1184 962 1253 rediturum
977 1205 1050 1250 esse
1067 1195 1100 1249 et

103 1281 258 1353 atrocius
282 1306 363 1351 cum
389 1307 431 1352 co
463 1286 778 1377 expostulaturum.
839 1282 947 1355 Venit
970 1284 1099 1351 deinde

102 1398 184 1476 post
200 1383 362 1477 quintam
378 1379 525 1466 horam,
548 1389 653 1456 credo
678 1387 910 1467 temulentus,
937 1386 1039 1454 iussit
1061 1408 1098 1453 se

100 1486 283 1556 introduci
304 1487 344 1555 in
366 1487 442 1555 eius
466 1488 688 1576 cubiculum,
719 1490 804 1584 quia
828 1489 1011 1559 dicebatur
1033 1488 1097 1555 ab·

101 1610 176 1657 esse
210 1589 337 1674 domo,
370 1603 406 1659 et
436 1591 556 1660 aberat
588 1593 627 1659 in
661 1593 820 1660 examine
848 1590 1094 1659 ministrorum

100 1685 300 1778 Evangelii.
351 1688 577 1762 Redeuntem
591 1693 720 1762 deinde
737 1694 776 1761 in
790 1693 847 1762 via
862 1716 984 1761 rursus
999 1715 1096 1759 com-

101 1792 210 1883 pellat
235 1793 348 1881 specie
373 1794 477 1883 plane
500 1787 641 1878 hostili,
667 1819 775 1889 quare
801 1820 820 1864 a
846 1796 990 1863 consule
1006 1781 1095 1859 Cri-

100 1914 190 1989 spus
211 1892 250 1960 io
271 1918 445 1963 carcerem
460 1896 633 1966 abductus
648 1911 715 1982 est,
735 1909 769 1966 ct
783 1920 848 1965 nos
864 1895 1094 1986 petulantiam

99 1994 294 2065 iuventutis
321 1997 558 2084 castigandam
584 2022 657 2066 esse
683 2021 879 2070 censemus.
929 1995 1026 2065 Haec
1053 2020 1093 2064 eo

100 2095 247 2188 scripsi,
272 2111 330 2181 ut,
356 2122 467 2191 quum
482 2097 693 2184 arbitrarer,
718 2099 948 2191 istic'aliquos
965 2101 1093 2188 depra-

100 2211 246 2267 vaturos
270 2223 344 2270 esse
377 2195 469 2267 banc
495 2223 568 2267 rem
602 2202 800 2281 narrando,
840 2201 927 2269 certi
956 2200 1091 2292 aliquid

99 2300 248 2374 sciretis.
298 2299 397 2370 Bene
412 2301 491 2369 vale
507 2314 542 2369 et
566 2317 701 2391 patrem
716 2327 800 2371 vera
814 2302 1010 2371 reverentia
1033 2326 1091 2370 co·

98 2401 182 2480 lito,
198 2426 335 2473 memor
349 2398 417 2482 τὰς
434 2397 596 2500 στοργᾶς
614 2428 687 2474 esse
702 2404 874 2494 imagines
887 2404 1018 2472 amoris
1036 2403 1093 2471 di-

98 2759 997 2772 W*=—————n—n—n—nnn—
1002 2763 1079 2772 -ι-

729 2939 787 3025 (h.
812 2965 839 3007 a.
866 2957 901 3004 ut
924 2941 1074 3018 videtur.)

720 3049 1086 3083 m

431 3172 471 3255 Ι.
504 3172 757 3260 Weintaab.

165 3329 243 3399 †Ex
261 3347 356 3400 apogr.
375 3329 403 3382 in
423 3330 486 3384 cod.
511 3332 594 3390 Paris.
618 3333 654 3389 D.
667 3331 697 3388 L.
714 3333 777 3389 54⁸.
803 3361 838 3376 -
872 3333 993 3407 Epistola
1012 3356 1093 3409 prae-

194 3398 297 3470 scripta
309 3419 325 3453 a
338 3397 408 3454 Mel.
421 3398 483 3455 filiis
495 3400 687 3457 Bochbolreri.

146 3548 212 3623 Ad
223 3544 512 3647 ‚cancellarium
536 3547 781 3624 Marchs'onis
802 3549 1041 3653 Electoris*)

96 3683 141 3777 S.
168 3698 212 3777 D.
264 3700 454 3791 Magnifice
466 3699 512 3774 D.
527 3699 757 3772 Cancellarie.
797 3700 888 3771 Cum
903 3703 998 3771 inter
1013 3727 1090 3772 cae-

97 3819 189 3877 teras
204 3827 306 3875 curas
329 3805 490 3895 publicas
505 3804 610 3875 etiam
626 3801 863 3873 Ecclesiarum
880 3805 1028 3874 salutem
1056 3819 1090 3875 et

96 3907 281 3977 literarum
304 3907 420 3976 studia
442 3907 741 3996 complectamini,
769 3921 803 3977 et
824 3930 888 3997 pro
903 3907 1011 3974 vestri
1032 3907 1089 3975 in-

96 4009 194 4098 genii
218 4008 423 4078 excellentia
454 4009 608 4078 libenter
634 4010 808 4079 adiuvetis
828 4010 1024 4093 studiosos,
1057 4023 1090 4078 et

98 4134 236 4203 semper
256 4110 446 4200 singularis
467 4123 584 4179 vestra
608 4110 856 4180 benevolentia
879 4112 987 4179 fuerit
1009 4134 1089 4200 erga

95 4226 258 4283 nostrum
274 4225 455 4302 parentem
472 4226 506 4282 et
520 4236 601 4302 erga
616 4236 701 4296 nos,
725 4213 948 4301 confugimus
963 4214 1008 4280 ad
1027 4236 1089 4281 vos

96 4328 267 4408 tanquam
294 4315 338 4383 ad
364 4313 592 4404 praecipuum
621 4329 829 4405 patronum,
856 4329 890 4383 et
919 4338 982 4383 vos
1009 4339 1089 4383 ora-

96 4441 195 4495 mus,
226 4429 268 4485 ut
299 4414 404 4483 nobis
436 4439 539 4506 opem
572 4417 702 4485 feratis.
761 4415 995 4505 lntelligimus
1023 4412 1088 4485 boc

97 4518 172 4607 agi,
199 4531 239 4587 ut
258 4518 393 4586 reditus
417 4519 607 4586 sacerdotis
629 4519 667 4585 in
687 4516 901 4597 Saltwedel,
928 4543 1017 4610 quos
1037 4516 1088 4586 ll-

95 4619 330 4693 lustrissimus
349 4620 514 4710 princeps
530 4620 728 4688 studiorum
745 4643 847 4688 cansa
862 4620 966 4687 nobis
987 4621 1087 4689 attri-

96 4721 197 4805 buit,
220 4720 290 4788 alio
306 4722 574 4793 transferantur.
627 4720 666 4789 ld
683 4721 712 4788 si
731 4721 805 4803 fiet,
829 4720 867 4787 in
887 4716 1087 4789 Academiis

96 4846 240 4890 manere
257 4845 330 4888 non
346 4845 544 4911 possumus.
592 4818 640 4892 Et
656 4845 822 4910 cogemur
832 4822 991 4891 deserere
1007 4824 1086 4892 lite-

96 4947 153 4994 ras
172 4936 207 4993 et
221 4923 373 5012 optimas
394 4938 504 5007 artes,
528 4947 615 5016 quas
630 4923 856 4992 mediocriter
873 4923 1007 4992 discere
1030 4926 1087 4992 in-

95 5025 266 5117 cepimus.
323 5021 369 5093 Et
396 5037 514 5093 extant
537 5026 737 5094 testimonia
760 5038 963 5094 nostrorum
986 5028 1087 5095 labo-

95 5152 196 5211 rum,
226 5149 316 5219 quae
343 5127 446 5195 etiam
471 5125 583 5194 doctis
609 5127 757 5215 placent.
818 5124 871 5194 Ac
896 5149 1087 5217 speramus,

97 5226 173 5299 Deo
190 5229 336 5299 iuvante
357 5251 422 5296 nos
446 5228 533 5296 olim
557 5227 692 5297 utiliter
712 5228 904 5298 servituros
928 5252 1001 5298 esse
1017 5226 1087 5299 Ec-

95 5438 321 5451 *ο

126 5538 158 5607 *1
178 5538 220 5594 Io.
231 5536 428 5595 Weinlaubio.

699 352 1141 433 amsroxaxuu
1189 353 1296 463 rra.
1335 356 1400 435 rx
1451 351 1586 431 sats.

2077 353 2157 431 918

1135 495 1284 600 'elesiae
1299 526 1380 601 Dei.
1432 525 1552 617 Quare
1575 551 1639 600 vos
1655 540 1801 620 propter
1814 524 1935 599 Deum
1954 543 1987 600 et
2007 543 2153 622 propter

1156 647 1308 703 vestram
1326 654 1406 720 erga
1423 632 1598 701 studiosos
1622 632 1906 701 benevolentiam
1922 633 2153 720 obtestamur,

1153 749 1193 805 ut
1215 735 1418 826 perficiatis,
1443 758 1488 803 ne
1510 736 1645 805 reditus
1669 734 1724 802 illi
1746 758 1766 804 a
1789 734 1894 804 nobis
1911 734 1980 803 alio
1998 736 2150 807 transfe-

1152 851 1280 907 rantur
1297 832 1414 906 adbuc
1435 839 1540 906 annis
1554 838 1702 930 aliquot.
1754 834 1846 907 Cum
1863 836 2007 929 quidem
2028 861 2150 929 spere-

1151 964 1247 1024 mus,
1267 940 1384 1010 studia
1408 953 1529 1009 nostra
1552 954 1587 1009 ct
1608 960 1724 1007 mores
1741 939 1855 1008 doctis
1872 938 1958 1007 viris
1981 963 2056 1008 non
2071 940 2146 1009 dis·

1150 1042 1298 1130 plicere,
1325 1037 1392 1111 boc
1409 1039 1644 1111 Illustrissimi
1668 1041 1838 1131 principis
1858 1040 2069 1109 beneficium
2084 1064 2146 1111 ve-

1147 1156 1218 1212 stra
1243 1144 1415 1214 autoritas
1439 1145 1543 1214 nobis
1564 1166 1771 1213 conservare
1796 1144 1944 1233 poterit;
1978 1145 2075 1236 quod
2104 1154 2146 1213 ut

1147 1246 1262 1329 faciat,
1278 1260 1643 1330 reverenteroramus,
1660 1259 1693 1315 et
1711 1257 1914 1335 perpetuam
1931 1245 2043 1313 animi
2063 1267 2144 1333 gra-

1144 1348 1335 1417 titudinem
1361 1347 1604 1419 lllustrissimo
1634 1346 1788 1439 principi
1813 1360 1846 1416 et
1871 1347 1973 1415 vobis
1993 1347 2142 1438 pollice·

1144 1474 1235 1525 mur.
1286 1447 1330 1524 B.
1350 1449 1482 1523 Valete.

1468 1547 1659 1640 Philippus
1682 1548 1735 1622 M.
1758 1550 1984 1641 praescripsit
2006 1549 2090 1620 filiis

1514 1651 1559 1727 D.
1575 1649 1723 1742 Georgii
1736 1644 2034 1747 Bucbholzeri*).

1152 1895 1336 1905 *nu-un*-
1340 1894 1413 1905 -n-
1417 1892 2030 1905 —-—--—n—-—-·-=——---—a-
2039 1892 2133 1903 -ισ--ι

1140 2050 1207 2120 Νο.
1221 2048 1334 2120 3347.

1146 2147 1319 2175 m

2012 2054 2068 2133 (u.
2084 2053 2139 2135 ⁸0)

1509 2200 1756 2358 PraeJ‘mio.

1208 2405 1344 2459 Praelatio
1362 2404 1390 2458 in
1410 2404 1527 2461 librum:
1553 2408 1692 2466 Hermon.
1713 2403 1890 2479 depassione
1907 2404 2020 2476 Christi,
2039 2404 2101 2459 edit.
2120 2424 2136 2459 a

1243 2474 1345 2560 Georg.
1364 2474 1456 2529 [lbere.
1476 2505 1509 2517 -
1551 2477 1661 2559 Legitur
1679 2477 1759 2531 etiarn
1778 2477 1812 2557 ¹iu
1833 2476 1899 2529 Mel·
1919 2476 2137 2532 Declamationi·

1239 2544 1291 2598 bus
1309 2544 1342 2600 Ἰ.
1355 2544 1388 2598 ΙΙ.
1406 2564 1434 2617 p.
1448 2545 1525 2614 249„
1545 2548 1617 2598 unde
1636 2546 1680 2601 bre
1698 2547 1832 2616 desorrpla
1850 2555 1899 2600 est.

1530 2680 1740 2786 Praefatio.

1138 2796 1233 2889 Non
1246 2817 1396 2887 dubium
1419 2833 1490 2903 est,
1516 2818 1692 2890 Musicam
1707 2821 1828 2909 generi
1849 2815 2009 2891 humano
2031 2842 2134 2913 prae·

1139 2920 1241 3010 cipue
1265 2922 1384 2988 datam
1411 2945 1483 2990 esse
1505 2947 1685 2991 sacrorum
1711 2946 1829 2992 caussa
1839 2949 1849 3009 ;
1890 2925 2065 3014 primum,
2092 2935 2133 2993 ut

1140 3035 1260 3105 cantu,
1276 3035 1445 3114 tanquam
1466 3022 1592 3106 literis,
1608 3040 1901 3095 conservarentur
1909 3025 1935 3119 ¹)
1953 3040 1986 3094 et
2003 3049 2132 3117 propa-

1138 3137 1307 3210 garentur
1331 3125 1473 3193 oracula
1496 3126 1669 3195 divinitus
1683 3128 1832 3211 tradita,
1858 3129 2057 3198 durabilior
2079 3141 2132 3197 est

1139 3225 1233 3292 enim
1256 3249 1487 3295 numerorum
1508 3242 1542 3297 et
1562 3229 1759 3297 carminum
1776 3231 1964 3323 memoria3
1990 3231 2133 3316 deinde,

1138 3341 1178 3396 ut
1201 3340 1316 3395 rectae
1338 3329 1532 3397 sententiae
1551 3329 1660 3419 magis
1684 3345 1909 3421 penetrarent
1930 3332 1968 3399 iu
1983 3332 2132 3419 animos,

1138 3441 1173 3498 et
1200 3429 1347 3499 ferirent
1375 3455 1415 3497 ac
1440 3446 1621 3499 moverent
1649 3427 1836 3501 hominum
1860 3449 1998 3523 pectora
2022 3427 2131 3503 vehe-

1136 3531 1301 3602 mentius.
1352 3528 1418 3600 Est
1432 3533 1541 3600 einim
1558 3536 1730 3625 quaedam
1745 3535 1884 3603 animae
1906 3560 1985 3604 curu
2006 3559 2131 3604 nume-

1136 3632 1185 3699 ris
1215 3645 1248 3700 et
1270 3626 1456 3702 harmonia
1483 3635 1655 3702 mirabilis
1687 3637 1872 3724 cognatio,
1906 3638 2056 3729 qualit,
2089 3650 2130 3707 ut

1136 3733 1239 3801 avide
1255 3733 1427 3823 accipiant
1443 3736 1554 3803 animi
1577 3731 1798 3822 harmonias,
1824 3752 1857 3808 et
1872 3763 1993 3808 carum
2011 3739 2129 3808 varie-

1135 3836 1199 3906 tati
1222 3838 1458 3925 respondeant
1479 3838 1568 3905 varii
1591 3852 1707 3908 motus
1731 3841 1770 3907 iu
1789 3840 1905 3913 nobis.
1956 3840 2128 3912 Sentinu-

1137 3951 1195 4007 tur
1218 3933 1304 4006 baec
1327 3962 1401 4007 non
1427 3941 1594 4024 obscure,
1620 3941 1683 4010 etsi
1706 3944 1812 4025 ratio,
1839 3966 1903 4010 cur
1923 3943 2027 4026 liant,
2053 3964 2128 4013 non

1136 4040 1354 4130 perspicitur.
1406 4040 1477 4112 Sed
1492 4036 1738 4113 harmonicum
1754 4045 1924 4137 quiddam
1941 4057 1993 4113 est
2008 4044 2127 4113 anima

1136 4157 1170 4212 et
1187 4154 1322 4210 natura
1346 4143 1544 4234 percipiens
1569 4156 1675 4237 atque
1699 4169 1820 4214 amans
1842 4169 2009 4215 numeros
2022 4159 2128 4239 atque

1135 4241 1375 4313 harmoniam:
1406 4268 1446 4312 ex
1475 4245 1606 4337 quibus
1639 4245 1757 4316 existit
1788 4248 1925 4316 ordinis
1959 4248 2128 4336 cognitio,

1135 4372 1205 4440 quo
1221 4340 1315 4413 nihil
1334 4359 1384 4415 est
1398 4345 1436 4413 in
1454 4347 1621 4415 omnibus
1636 4348 1742 4417 rebus
1758 4363 1791 4418 et
1813 4349 1850 4417 in
1866 4349 2025 4418 moribus
2046 4349 2129 4442 pul·
2211 4434 2215 4439 ⁸

1135 4446 1271 4518 ebrius:
1298 4472 1368 4539 quo
1386 4449 1632 4518 animadverso
1643 4472 1742 4517 mens
1756 4451 2006 4520 traduciturad
2024 4450 2128 4540 agui-

1135 4554 1267 4621 tionem
1296 4547 1375 4621 Dei.
1427 4548 1563 4619 Verum
1592 4565 1632 4620 ut
1664 4545 1756 4620 banc
1782 4552 2058 4641 disputationem
2082 4552 2128 4622 de

1135 4651 1265 4723 caussis
1284 4651 1504 4735 omittamus,
1522 4652 1612 4721 illud
1625 4652 1771 4721 minime
1788 4654 1938 4722 dubium
1958 4667 2023 4738 est,
2038 4648 2123 4724 Mu·

1133 4757 1228 4823 sicen
1252 4754 1291 4820 in
1312 4753 1419 4822 sacris
1444 4754 1573 4822 ritibus
1595 4777 1733 4845 semper
1751 4750 1947 4825 adhibitam
1970 4778 2060 4840 esse,
2086 4767 2129 4826 ut

1133 4856 1190 4926 vel
1208 4856 1472 4947 tranquilliores
1488 4857 1653 4924 redderet
1676 4856 1813 4925 animos
1831 4858 1924 4926 etad
1942 4855 2126 4945 cogitatio·

1133 4984 1214 5027 nem
1230 4982 1351 5055 rerum
1365 4957 1570 5028 divinarum
1587 4957 1761 5050 aptiores,
1788 4959 1845 5027 vel
1858 4957 1946 5027 alios
1963 4959 2127 5029 excitaret

1166 5246 1197 5315 ¹⁸¹)
1219 5245 1263 5298 llli
1282 5243 1365 5298 literis
1383 5262 1496 5313 operam
1512 5242 1612 5296 dabant
1626 5242 1810 5313 Witebergas
1823 5262 1896 5297 anno
1912 5243 1987 5300 1545.
2008 5255 2035 5300 et
2050 5265 2125 5318 seqq,

1203 5316 1266 5368 vid.
1285 5333 1326 5382 ep.
1346 5312 1373 5366 d.
1390 5314 1417 5364 9.
1436 5312 1521 5364 Mart.
1540 5312 1615 5365 15l5.
1651 5311 1746 5364 Potest
1766 5330 1831 5365 vero
1851 5314 1931 5366 etiam
1949 5314 2049 5381 scripta
2067 5334 2126 5370 esse

1207 5402 1280 5437 armo
1301 5381 1376 5435 1549.
1413 5380 1475 5434 Vid.
1492 5398 1535 5450 ep.
1553 5382 1580 5432 d.
1596 5381 1639 5435 29.
1659 5379 1723 5434 Oct.
1743 5382 1820 5437 15⁴9.
1839 5380 1979 5453 scriptam.

1167 5473 1194 5537 1)
1215 5467 1293 5588 Depl.
1312 5476 1509 5536 conserentur,
1529 5466 1602 5537 quod
1622 5465 1784 5520 mendosum
1799 5464 1888 5520 babeo
1907 5487 1958 5539 pro
1976 5487 2129 5525 mterva-

1202 5554 1254 5591 ren
1267 5553 1314 5588 ar.

1326 5600 1409 5681 58'
