4868 6420
197 281 272 358 765
769 266 1209 345 EPISTOLARUM
1258 267 1368 348 LIB.
1400 269 1465 349 nt.
1518 268 1652 347 1645.
2160 277 2233 355 tet

195 450 395 549 Prophetae
424 444 716 528 incontaminati,
748 443 872 530 nitidi,
905 456 997 514 recte
1024 443 1191 515 enarrati.
1235 445 1377 515 cordiae
1396 440 1690 536 reprehendenda
1709 448 1902 539 pertinacia
1927 463 1979 522 est
2003 450 2233 524 inimicorum

195 558 275 635 Etsi
292 572 410 628 autem
424 545 624 642 Prophetae
639 549 684 617 de
701 547 805 617 rebus
822 546 1026 617 necessariis
1041 569 1190 617 consen·
1234 543 1439 637 Evangelii,
1465 562 1499 618 et
1515 549 1592 625 siue
1609 552 1713 642 cnlpa
1728 567 1812 622 sunt
1831 566 1924 623 recte
1940 557 2118 625 docentes,

195 665 342 739 flentem
376 654 574 727 d0⁶ffl¹¹³¹¹¹
608 662 832 743 Ps⁰P⁰¹¹¹¹¹¹ls
867 663 902 721 θῑ
931 649 1074 738 legendi
1107 662 1192 719 sunt
1336 647 1385 720 Ut
1399 664 1516 720 autem
1532 674 1646 721 sermo
1662 649 1860 746 Prophetae
1878 656 2029 760 intelligi
2047 657 2177 749 possit,
2195 673 2228 730 et

195 786 337 848 omnes,
353 776 473 832 tamen
487 751 571 825 huie
588 753 739 846 tempori
752 750 887 821 Hoseas
901 751 1091 840 imaginem
1106 775 1191 842 pro·
1236 750 1272 818 in
1300 763 1399 821 tanta
1415 753 1587 823 brevitate
1608 755 1757 827 varietas
1774 781 1892 826 rerum
1911 760 2019 849 magis
2034 760 2231 852 conspicis.

221 868 298 939 onit
318 865 421 934 valde
449 869 709 946 congruentem.
769 851 969 946 Utrumque
991 853 1085 923 enim
1108 853 1192 944 pin·
1236 865 1311 935 tur,
1346 854 1442 923 edidi
1475 857 1734 926 enarrationem
1764 855 1969 929 Reverendi
2001 858 2047 934 D.
2078 861 2233 932 Martini

194 895 246 1063 Ig)it
290 988 480 1058 regnorum
504 958 689 1030 interitum
713 970 747 1023 et
767 951 1011 1025 Ecclesiastica
1033 955 1190 1034 dissidia,
1235 946 1414 1040 Laidem,
1437 955 1552 1027 Patris
1575 972 1608 1028 et
1630 962 1864 1051 praeceptoris
1889 963 1976 1048 mei,
2003 988 2087 1034 vera
2101 964 2231 1056 pietate

196 1089 230 1145 et
252 1026 372 1143 bausas
399 1073 670 1139 commemorat,
707 1056 853 1127 Interim
876 1071 994 1127 tamen
1010 1059 1129 1142 docet,
1155 1070 1190 1126 et
1235 1057 1392 1143 colendi,
1418 1059 1574 1150 primum
1588 1060 1626 1128 in
1643 1060 1784 1152 publica
1799 1065 2034 1154 praelectione
2049 1067 2231 1153 traditam,

246 1199 285 1244 ae
310 1173 356 1242 sit
378 1167 536 1240 Ecclesia
560 1164 639 1246 dei,
674 1173 708 1229 et
730 1162 908 1254 quomodo
937 1162 1110 1229 servanda
1135 1159 1191 1244 sit,
1235 1172 1270 1227 et
1302 1161 1430 1229 aviris
1454 1161 1583 1247 doctis,
1617 1159 1772 1253 Casparo
1797 1157 1995 1260 Crucr'gero
2018 1182 2055 1238 et
2075 1167 2228 1258 Georgia

196 1200 307 1371 {tuqui
323 1273 396 1344 Sint
410 1269 485 1338 veri
502 1267 616 1337 cultus
634 1264 702 1335 dei·
1233 1252 1423 1346 Rornrio,
1448 1287 1487 1332 ac
1502 1288 1522 1332 a
1539 1289 1593 1332 me
1609 1267 1810 1351 collectam,
1827 1293 1916 1360 qnae
1931 1285 2122 1364 postquam
2140 1297 2159 1340 a
2178 1297 2229 1341 me

295 1375 362 1446 His
376 1366 720 1465 praemonitionibus
736 1379 770 1435 et
781 1364 1083 1434 consolationibus
1098 1376 1189 1432 certe
1234 1365 1360 1433 ordine
1390 1365 1518 1457 scripta
1542 1380 1609 1452 est,
1639 1380 1712 1437 tota
1733 1368 1778 1437 ab
1795 1367 1931 1440 Autore
1953 1373 2032 1463 ipso
2049 1375 2229 1464 recognita

195 1477 264 1551 hoc
291 1494 448 1568 tempore
470 1472 573 1541 valde
595 1493 684 1559 opus
710 1482 779 1551 est,
814 1492 895 1537 cum
918 1481 952 1537 et
976 1465 1190 1536 vastationes
1235 1478 1296 1537 est.
1347 1466 1468 1554 Quare
1494 1469 1606 1539 sciant
1626 1469 1791 1555 lectores,
1816 1466 1912 1543 hunc
1938 1477 2230 1546 commentarium

194 1606 341 1673 magnae
358 1599 549 1665 regnorum
569 1585 653 1643 sunt
674 1571 712 1638 in
732 1581 940 1661 conspectu,
964 1583 999 1637 et
1013 1592 1187 1661 qnaeren-
1232 1559 1388 1666 γνήσιον
1414 1565 1619 1640 Reverendi
1638 1570 1684 1644 D.
1702 1570 1851 1642 Martini
1867 1572 2017 1648 Lutheri
2033 1603 2127 1671 opus
2150 1602 2231 1664 esse,

195 1688 281 1758 dum
304 1684 351 1752 sit
388 1704 435 1748 au
458 1677 513 1745 illi
531 1675 603 1744 sint
617 1669 776 1742 Ecclesia
794 1672 872 1756 dei,
907 1671 970 1764 qni
992 1695 1073 1739 cum
1092 1666 1190 1738 hunc
1235 1673 1330 1763 quod
1354 1670 1498 1764 quidem
1521 1696 1596 1741 non
1613 1673 1738 1743 dubito
1763 1678 1911 1747 eruditis
1925 1693 1960 1750 et
1975 1681 2045 1772 piis
2061 1681 2230 1751 omnihus

194 1788 340 1861 titulum
357 1738 434 1852 'sibi
457 1789 640 1867 arrogent,
671 1788 789 1844 tamen
814 1771 1050 1862 Evangelium
1074 1773 1189 1840 mani·
1234 1773 1472 1862 gratissimum
1495 1774 1582 1848 fore.
1634 1775 1772 1846 Multae
1788 1794 1872 1851 sunt
1894 1782 1988 1850 enim
2004 1783 2044 1851 in
2057 1776 2129 1852 hoc
2144 1780 2230 1855 Pro-

194 1892 281 1961 feste
294 1895 513 1978 oppugnant,
533 1895 566 1951 et
581 1878 696 1970 palam
715 1876 900 1964 stabiliunt
917 1875 1097 1944 idolorum
1113 1875 1190 1943 cul·
1235 1870 1339 1965 pheta
1354 1875 1542 1946 conciones
1560 1879 1684 1947 breves
1708 1892 1742 1948 et
1757 1893 1955 1964 truncatae,
1983 1887 2117 1956 multae
2143 1887 2230 1976 figu-

195 2007 253 2064 tus
298 2003 331 2059 et
348 1989 494 2075 insuper
507 1983 645 2051 addunt
662 1978 851 2070 parricidia
874 1974 1059 2047 hominum
1083 1976 1189 2044 inno·
1234 2000 1293 2045 rae
1316 2000 1355 2046 ac
1380 1972 1524 2067 phrases
1545 2002 1690 2070 prorsus
1712 1981 1848 2052 alienae
1870 2009 1891 2055 a
1915 1987 2025 2056 latino
2051 2001 2087 2057 et
2109 2003 2230 2058 nostro

195 2045 356 2174 conium,
371 2111 460 2183 qnos
476 2099 613 2155 tantum
627 2096 773 2173 propter
787 2104 890 2150 verae
907 2079 1088 2149 doctrinae
1104 2102 1190 2147 con·
1234 2103 1405 2151 sermone.
1464 2077 1513 2148 Et
1535 2082 1606 2151 loci
1629 2083 1734 2152 multi
1757 2100 1856 2168 sunt,
1886 2088 1947 2180 qui
1970 2114 2025 2158 res
2046 2092 2229 2161 continent

195 2195 383 2266 fessiouem
405 2187 635 2259 interficiunt.
696 2181 746 2250 Hi
766 2182 913 2252 audiant
936 2183 1074 2250 fulmen
1096 2180 1189 2248 divi·
1235 2183 1278 2249 de
1304 2181 1527 2251 invocatione
1551 2183 1635 2268 Dei,
1660 2187 1704 2254 de
1725 2188 1966 2259 consolatione
1989 2191 2134 2283 piorum
2157 2217 2230 2263 non

196 2322 263 2368 nae
278 2296 374 2365 vocis
390 2293 429 2361 in
445 2288 551 2360 huius
569 2280 761 2378 prophetae
777 2284 1025 2354 concionibus:
1054 2282 1138 2375 quia
1152 2295 1187 2350 tu
1235 2283 1428 2354 intellectas
1458 2285 1528 2352 nisi
1560 2286 1684 2377 peritis
1709 2289 1898 2364 mentibus.
1959 2290 2042 2363 ldeo
2068 2318 2160 2384 opus
2182 2308 2232 2365 est

197 2399 382 2471 scientiam
410 2391 596 2483 repulisti,
630 2388 801 2479 repellam
835 2399 890 2471 te,
924 2411 969 2454 ne
995 2384 1188 2454 sacerdotio
1235 2386 1425 2476 interprete
1443 2387 1581 2457 erudito
1599 2402 1633 2458 et
1648 2391 1782 2460 dextro.
1834 2390 2231 2467 Aesubindeacoendjt

196 2500 356 2572 funoaris
370 2490 480 2579 mihi,
506 2507 542 2562 et
562 2491 646 2585 quia
664 2489 776 2559 oblita
799 2510 835 2558 es
851 2488 937 2578 legis
953 2488 1010 2557 dei
1026 2486 1099 2570 tui,
1125 2487 1191 2555 ob-
1235 2490 1321 2557 dens
1343 2490 1479 2557 donum
1502 2489 1812 2582 interpretationis
1828 2494 1868 2562 in
1888 2494 2066 2582 Ecclesia,
2092 2512 2136 2568 ut
2153 2523 2232 2570 mr.

197 2554 339 2673 livib’car
369 2598 525 2667 filiorum
559 2609 703 2665 tuorum
738 2604 772 2660 et
805 2613 878 2681 ego.
944 2587 1191 2660 Denunciatur
1235 2613 1294 2660 sus
1309 2589 1378 2678 legi
1396 2603 1430 2659 et
1447 2590 1599 2681 intelligi
1615 2589 1822 2685 prophetica
1838 2612 1873 2669 et
1889 2592 2082 2690 apbstolica
2102 2601 2229 2694 scripta

195 2728 311 2800 poena
325 2701 486 2771 omnium
505 2695 704 2768 tristissima
719 2693 942 2776 doctoribus,
970 2692 1032 2785 qni
1056 2692 1189 2762 abiecta
1236 2692 1381 2785 possint.
1432 2690 1524 2763 Cum
1537 2709 1655 2765 antem
1671 2720 1727 2765 res
1741 2699 1817 2789 ipsa
1831 2700 2015 2793 loquatur,
2041 2704 2231 2774 dexterita-

195 2809 272 2897 lege
296 2804 355 2875 dei
377 2803 543 2872 audacter
567 2821 646 2867 suas
662 2796 829 2889 quasdam
846 2795 1034 2886 opiniones
1049 2795 1092 2863 de
1111 2796 1191 2877 deo,
1235 2808 1306 2864 tem
1323 2794 1487 2863 eximiam
1505 2819 1576 2866 esse
1592 2796 1637 2868 Ι).
1653 2790 1816 2869 Lutheri
1829 2802 1869 2870 in
1883 2807 2106 2890 enarrando,
2126 2819 2162 2877 et
2177 2807 2233 2876 lu.

196 2926 231 2983 et
247 2932 309 2978 sua
323 2904 473 2976 numina
488 2904 646 2991 fingunt,
671 2912 711 2967 ut
726 2898 903 2966 finxerunt
918 2890 1086 2965 Thebani
1101 2893 1191 2963 Bac·
1236 2909 1311 2965 ceat
1328 2896 1367 2963 in
1383 2921 1423 2966 eo
1439 2899 1573 2966 donum
1591 2899 1910 2997 interpretationis,
1936 2930 2007 2999 quo
2023 2909 2160 2979 multos
2176 2933 2232 2979 ar·

197 3005 305 3084 chum
352 3004 464 3076 Attici
480 3000 665 3085 Cererem,
691 2994 823 3091 Delphi
847 2993 1050 3083 Phoebum,
1075 2992 1192 3090 Phry·
1236 2997 1365 3068 ticnlos
1396 3000 1577 3070 doctrinae
1599 2999 1789 3093 Evangelii
1815 3021 1918 3078 antea
1940 3030 2030 3099 pene
2060 3011 2233 3081 extinctos

197 3136 257 3205 ges
271 3065 449 3207 Cy'belen,
468 3103 633 3200 Aegyptii
654 3103 780 3172 bovem
796 3096 912 3192 Apin,
938 3100 1091 3192 denique
1108 3099 1191 3168 nul·
1235 3101 1440 3184 renovavit,
1467 3115 1500 3171 et
1524 3100 1787 3195 Prophetarum
1812 3132 1851 3178 ac
1870 3104 2129 3200 Apostolorum
2150 3138 2234 3184 con-

197 3218 255 3288 lus
276 3215 357 3283 finis
378 3212 447 3280 fnit
470 3223 532 3278 aut
555 3221 606 3277 est
629 3217 690 3274 ant
716 3202 784 3272 erit
800 3203 956 3291 fingendi
974 3202 1192 3292 corruptelas
1236 3203 1355 3272 ciones
1371 3204 1475 3275 nohis
1490 3207 1668 3296 patefecit,
1696 3208 1884 3298 diligenter
1902 3212 1977 3281 eins
1990 3216 2233 3287 enarrationes

198 3342 302 3389 verae
324 3310 560 3382 invocationis
581 3306 656 3390 dei,
682 3307 794 3374 donec
815 3305 909 3374 filius
926 3303 995 3372 Dei
1017 3305 1134 3393 palam
1155 3326 1191 3371 se

198 3419 362 3491 ostendet
378 3413 544 3483 universo
559 3405 715 3479 hnmano
732 3407 853 3495 generi
867 3406 1081 3475 resuscitatis
1097 3430 1193 3473 mor-

199 3521 281 3594 tuis.
340 3516 391 3588 Ut
410 3527 527 3585 antem
552 3509 649 3581 Deus
671 3532 756 3578 voce
779 3522 813 3579 et
842 3508 1038 3578 ministerio
1056 3504 1193 3576 Hoseae

200 3639 285 3696 tunc
314 3620 454 3690 taxabat
478 3613 755 3685 sacrificulorum
783 3610 938 3690 furores,
971 3635 1035 3679 nec
1058 3607 1193 3679 Hoseas

201 3726 334 3795 iniuste
347 3721 517 3802 faciebat,
532 3716 628 3809 qnod
645 3738 664 3781 a
680 3713 979 3802 gubernatoribus
997 3725 1029 3781 et
1048 3713 1194 3781 ordina·

201 3829 255 3898 ria
270 3835 456 3918 potestate,
476 3833 517 3889 ut
533 3841 629 3888 nune
645 3816 843 3908 loquuntur
860 3809 1041 3898 homines,
1058 3814 1195 3883 dissen-

203 3930 330 4010 tiebat,
351 3923 402 3993 Ita
418 3918 486 3991 hoc
502 3936 661 4011 tempore
677 3941 758 3986 cum
774 3912 1054 4005 voceEvangelii
1072 3930 1195 3986 taxan-

175 4019 176 4022 ¹
203 4046 262 4103 tur
282 4030 369 4097 falsa
390 4023 540 4094 numina
564 4035 598 4091 et
622 4043 750 4110 pravae
773 4018 1030 4102 invocationes,
1064 4043 1196 4099 veram,

79 4136 80 4141 ’
202 4135 349 4215 iustam,
364 4124 635 4198 ctnecessariam
653 4117 824 4190 habemns
838 4121 1197 4189 causamdissentien·³

203 4237 243 4307 di
255 4237 300 4306 ab
318 4232 374 4336 ᾖε,
389 4230 451 4323 qni
466 4237 704 4315 cumregnant
719 4223 756 4289 in
764 4218 934 4308 Ecclesia,
948 4224 1195 4293 tamen'decre-

203 4354 239 4411 ta
253 4335 425 4425 sangnine
440 4331 617 4412 scribunt,
642 4339 676 4395 ct
693 4325 874 4422 saevitiam
898 4326 1051 4394 alienam
1065 4326 1110 4394 ab
1124 4322 1196 4394 Ec-

205 4440 310 4512 clesia
344 4446 520 4515 exercent,
570 4443 610 4499 nt
633 4451 769 4496 errores
791 4441 835 4497 'et
865 4429 960 4497 idola
991 4428 1194 4497 defendant.

206 4540 297 4613 Cum
322 4538 431 4628 igitur
452 4531 549 4604 hunc
569 4525 777 4623 prophetam
795 4530 953 4619 legimus,
983 4554 1062 4597 cnm
1084 4530 1195 4620 ipsins
1235 4609 1237 4613 v

207 4621 273 4715 nos
297 4639 476 4730 exemplo,
498 4649 574 4706 tum
596 4646 813 4702 caeterorum
835 4625 1090 4723 prophetarum
1109 4656 1194 4701 con-

207 4746 338 4818 stantia
350 4740 593 4819 consolemur,
609 4758 674 4803 nec
690 4736 896 4823 frangamur
913 4734 1197 4802 adversariorum

208 4841 489 4937 arrogantia,qui
497 4838 748 4921 vociferantur,
763 4835 952 4905 sediciosos
968 4858 1040 4903 esse
1056 4850 1089 4905 et
1103 4837 1195 4904 faces

194 4947 466 5023 ‘discordiarum
483 4942 561 5033 pios
581 4942 762 5021 doctores,
787 4937 852 5029 qni
872 4937 1059 5006 ministerii
1072 4935 1195 5008 Evan-

207 5052 312 5146 geliei
334 5046 521 5119 autoritate
539 5055 660 5110 taxant
680 5063 826 5111 errores.
877 5036 959 5107 Non
976 5040 1111 5128 agimus
1129 5063 1195 5109 no-

1237 3305 1450 3394 colligendas
1476 3309 1571 3376 etad
1592 3310 1832 3400 posteritatem
1850 3317 2143 3386 transmittendas
2164 3342 2234 3388 esse

1237 3419 1365 3479 statuo.
1424 3406 1506 3476 Non
1528 3423 1797 3482 contemnamus
1811 3415 1948 3486 donum
1971 3419 2049 3502 dei,
2075 3443 2144 3489 nec
2161 3422 2232 3490 exi-

1237 3509 1419 3579 stimemus
1452 3504 1616 3581 homines
1646 3529 1869 3604 arrogantes,
1906 3518 1969 3612 qul
1999 3514 2069 3589 hoc
2097 3524 2234 3593 donrrm

1238 3625 1487 3694 contemnunt.
1522 3615 1718 3706 quamlibet
1746 3616 1967 3708 ingeniosos,
2003 3623 2126 3693 statim
2149 3627 2233 3696 tales

1240 3713 1449 3804 interpretes
1466 3714 1557 3811 fore.
1607 3713 1791 3789 insulsitas
1814 3734 1884 3806 est,
1916 3723 2113 3794 attribuere
2138 3742 2237 3819 pote-

1239 3828 1363 3885 statem
1380 3815 1639 3908 interpretaudi
1652 3819 1885 3892 Pontificibus
1901 3839 2046 3917 propter
2060 3828 2182 3898 locum
2197 3854 2234 3899 ac

1240 3918 1404 4001 titulum,
1429 3943 1509 3986 cnm
1525 3920 1709 3993 manifeste
1725 3924 1819 3994 dicat
1836 3924 1985 3997 Paulus:
2012 3927 2176 4023 ψυχικὸς
2195 3927 2233 4004 δὲ

1241 4017 1445 4114 ἄνθρωπος
1458 4017 1503 4092 οὐ
1518 4016 1662 4113 δέχεται
1675 4020 1722 4095 τὰ
1735 4031 1804 4098 τοῦ
1817 4021 2027 4120 πνεύματος
2043 4037 2116 4104 τοῦ
2131 4033 2234 4118 θεοῦ,

1239 4116 1365 4215 μωρία
1382 4116 1457 4219 γὰρ
1473 4119 1577 4218 αὐτῷ
1595 4124 1672 4223 ἐστι
1689 4141 1753 4198 etc.
1805 4125 1951 4200 Donum
1967 4133 2024 4201 dei
2042 4147 2112 4219 est,
2140 4139 2232 4230 quod

1241 4223 1396 4314 Spiritus
1409 4240 1547 4296 sanctus
1564 4227 1603 4296 in
1619 4229 1687 4320 piis
1702 4230 1899 4318 mentibus,
1914 4259 2004 4327 quae
2020 4249 2146 4307 tamen
2163 4253 2233 4310 stn-

1240 4326 1299 4395 dia
1315 4325 1456 4411 colunt,
1480 4330 1651 4402 accendit.
1704 4329 1774 4402 Sed
1789 4327 1952 4405 homines
1967 4338 2126 4430 politici,
2152 4357 2192 4413 ut
2205 4342 2235 4411 si

1240 4429 1283 4496 de
1298 4428 1413 4516 legum
1428 4423 1667 4502 humanarum
1683 4432 1975 4526 interpretatione
1991 4440 2242 4533 loquerentur,

1240 4531 1439 4609 somniant,
1475 4545 1681 4622 potestatem
1707 4559 1781 4606 esse
1806 4552 1899 4610 certo
1918 4542 2022 4611 titulo
2044 4543 2234 4635 alligatam,

1240 4631 1465 4722 interpretari
1489 4634 1582 4704 dicta
1612 4637 1792 4722 coelestia,
1833 4665 1979 4736 eamque
2007 4668 2158 4735 prorsus
2187 4650 2235 4718 sic

1240 4749 1411 4818 exercent,
1425 4736 1511 4805 utin
1523 4740 1864 4827 proverbiodicitur:
1881 4746 1977 4814 clave
1993 4747 2091 4834 ligna
2107 4765 2234 4834 secant,

1240 4836 1354 4906 securi
1371 4852 1487 4908 antem
1504 4838 1597 4909 fores
1613 4842 1787 4932 aperiunt.
1837 4842 2043 4939 Exce'rpnnt
2063 4851 2180 4936 dicta,
2202 4867 2235 4925 et

1240 4939 1425 5027 adfingunt
1452 4941 1760 5033 interpretationes
1790 4949 1834 5015 ad
1871 4950 2101 5021 stabiliendas
2133 4956 2236 5025 falsas

1240 5040 1442 5131 opiniones:
1487 5043 1536 5113 ita
1562 5045 1713 5114 securim
1742 5050 1927 5139 proferunt
1958 5054 2003 5122 ad
2031 5055 2127 5124 sores
2156 5082 2236 5149 ape-

206 5172 316 5228 stram
340 5170 496 5229 cansam,
519 5145 581 5213 sed
604 5143 746 5211 divinae
769 5140 865 5210 vocis
888 5141 1043 5211 ministri
1063 5160 1215 5226 sumus·
1241 5143 1393 5214 riendas.
1444 5141 1583 5214 Deinde
1608 5171 1688 5216 cnm
1713 5155 1909 5221 enarranda
1939 5168 1990 5225 est
2013 5179 2094 5245 pars
2117 5160 2238 5253 aliqua

207 5282 270 5332 seu
311 5267 352 5325 nt
371 5248 530 5341 Baptista
551 5245 688 5338 inquit,
720 5266 841 5312 sumus
862 5267 929 5312 vox
953 5243 1135 5313 clamitans
1159 5245 1197 5313 in
1241 5245 1537 5330 doctrinaefidei,
1560 5243 2054 5347 nibildexteriusexplicant‚
2082 5264 2237 5353 quamsi

207 5310 367 5437 desdrto,
399 5361 520 5443 parate
548 5348 641 5416 viam
663 5341 824 5419 Domini.
882 5341 1034 5414 Credere
1063 5348 1129 5415 deo
1164 5361 1198 5417 et
1242 5346 1338 5415 clave
1360 5346 1457 5436 ligna
1474 5348 1607 5419 findere
1626 5366 1808 5428 conentur.
1859 5355 1933 5426 Nec
1954 5371 2095 5429 tantum
2109 5359 2238 5434 Ponti-

206 5459 347 5536 veritati
367 5452 550 5535 homines,
574 5450 706 5518 iustum
732 5461 794 5519 est.
852 5444 973 5536 Quare
998 5471 1098 5518 cansa
1121 5448 1196 5518 dis·
1244 5447 1348 5518 ficum
1373 5450 1573 5540 arrogautia
1597 5467 1751 5542 taxetur,
1776 5459 1837 5526 sed
1855 5459 1960 5530 etiam
1976 5464 2105 5532 caeteri
2119 5468 2239 5538 stulti·
