4868 6420
219 327 338 416 689,
390 376 404 383 -
806 255 1239 398 EPISTOLARUM
1290 318 1495 415 ululat.
1548 320 1680 418 1546.
2190 327 2272 403 640

227 500 449 580 dioecesibus
470 494 688 570 Consistoria
710 499 943 585 constituere,
975 525 1065 594 quae
1089 523 1220 589 cogno-
1270 495 1376 566 etiam
1393 494 1455 564 alii
1469 491 1608 566 honesti
1633 511 1667 568 et
1683 500 1778 570 docti
1795 500 1863 570 viri
1881 498 1998 572 Deum
2014 500 2195 588 timentes,
2223 527 2265 574 ac

144 620 151 626 '
228 618 328 682 scant
349 618 385 675 et
412 602 612 684 diiudicent
643 604 900 673 controversias
931 602 1220 681 matrimoniales,
1270 597 1394 667 idonei
1410 599 1722 686 adiudicandum,
1747 616 1915 698 tanquam
1930 598 2080 674 honesta
2104 606 2262 675 membra

228 706 444 784 Christianis
466 704 650 775 sententiis
668 704 764 774 iuxta
781 705 930 775 verbum
946 702 1032 789 Dei,
1056 702 1222 793 Evange-
1269 698 1448 771 Ecclesiae
1464 700 1570 772 etiam
1587 725 1628 771 ex
1641 702 1750 777 laicis.
1808 702 1900 775 Cum
1917 705 2012 776 enim
2026 701 2190 777 Christus
2203 707 2262 777 in-

231 815 339 894 lium,
378 821 412 877 et
439 807 519 876 illas
541 802 706 876 honestas
738 807 847 896 leges,
874 831 963 900 quae
994 808 1032 876 in
1064 803 1222 877 Ecclesia
1270 803 1366 897 quitt
1403 798 1482 872 Dia
1498 798 1706 890 Ecclesiae,
1735 818 1771 876 et
1799 801 1856 877 his
1878 807 1997 877 verbis
2024 811 2189 895 mandat,
2224 821 2266 881 nt

229 910 365 987 Christi
387 934 407 978 a
431 909 500 1000 piis
524 921 558 978 et
573 909 808 1001 prudentibus
824 904 1037 992 Christianis
1053 909 1137 978 inde
1162 931 1223 978 us-
1271 929 1450 977 summum
1464 905 1637 976 iudicium
1653 909 1700 978 sit
1714 906 2022 999 penesEcclesiam
2030 962 2043 996 ,
2069 914 2174 981 docet
2189 935 2265 982 non

229 1041 298 1112 qne
309 1016 352 1084 ab
361 1010 541 1102 Apostolis
556 1025 723 1103 tanquam
739 1006 906 1082 honestae
920 1009 1037 1083 etDeo
1046 1012 1223 1103 placentes
1270 1020 1409 1078 tantum
1430 1032 1539 1077 unam
1561 1021 1696 1099 partem
1710 1007 1887 1081 Ecclesiae
1907 1011 2039 1083 scilicet
2054 1011 2265 1106 Episcopus,

229 1120 404 1190 iudicatae
425 1127 526 1199 sunt,
549 1137 594 1182 ne
608 1107 784 1183 Ethnicae
806 1129 839 1186 et
856 1112 1027 1183 Turcicae
1043 1113 1223 1183 conlusio·
1270 1111 1330 1178 sed
1362 1109 1467 1179 etiam
1496 1134 1538 1180 ex
1560 1111 1714 1205 reliquis
1735 1113 1903 1203 gradibus
1927 1114 2050 1205 populi
2080 1116 2262 1206 eligendos

229 1245 293 1292 nes
318 1216 511 1287 libidinum
533 1216 694 1296 existant.
747 1213 835 1285 Item
855 1229 1013 1307 pastores
1026 1216 1223 1285 cuiuslibet
1271 1233 1344 1281 esse
1366 1211 1500 1281 iudices
1522 1213 1691 1298 idoneos,
1716 1215 1779 1308 qui
1801 1215 1873 1286 sint
1892 1219 2051 1287 membra
2074 1214 2263 1302 Ecclesiae,

228 1323 301 1395 loci
315 1320 486 1390 mandent
503 1317 573 1389 reis
590 1317 804 1402 criminum,
831 1330 871 1387 ut
888 1341 923 1386 se
940 1320 1139 1391 emendent.
1182 1315 1223 1387 Si
1272 1308 1434 1383 homines
1449 1307 1606 1400 honesti,
1631 1317 1745 1402 docti,
1768 1315 1884 1388 Deum
1900 1319 2089 1393 timentes.
2124 1318 2174 1390 Et
2188 1322 2263 1391 vult

230 1449 305 1496 non
320 1423 360 1493 fit
375 1419 593 1503 emendatio,
617 1419 777 1489 indicent
791 1443 850 1488 eos
865 1417 1102 1504 consistorio,
1126 1420 1223 1513 quod
1273 1410 1337 1485 hos
1363 1440 1504 1510 quoque
1535 1411 1666 1487 habere
1690 1443 1793 1490 voces
1821 1419 2009 1507 decisivas,
2044 1420 2135 1492 sicut
2156 1417 2263 1492 hodie

230 1529 312 1600 citet
325 1546 422 1608 reos,
448 1536 482 1591 et
498 1521 620 1591 audito
637 1522 778 1610 negotio
796 1522 920 1612 puniat
935 1537 1075 1607 sontes,
1100 1546 1139 1591 ac
1157 1546 1223 1591 no·
1273 1532 1365 1588 extat
1379 1519 1471 1589 liber
1485 1533 1645 1590 actorum
1662 1522 1805 1591 concilii
1823 1517 1990 1615 Ephesii,
2014 1522 2052 1592 in
2067 1548 2140 1617 quo
2154 1549 2263 1617 appa·
2302 1544 2305 1551 ’

228 1626 393 1699 minatim
426 1620 494 1693 hae
518 1645 658 1693 caussae
688 1624 732 1691 ad
766 1617 833 1693 hoc
859 1625 977 1695 forum
1006 1625 1222 1708 deterantur,
1272 1633 1326 1689 ret
1346 1620 1452 1691 etiam
1475 1623 1699 1716 presbyteros
1722 1637 1757 1695 et
1778 1624 1947 1696 diaconos
1976 1621 2143 1697 habuisse
2163 1651 2264 1698 voces

229 1753 316 1827 quas
331 1729 480 1820 profana
493 1737 645 1816 potestas
659 1724 815 1814 negligit.
917 1734 919 1739 ⁴

219 1814 224 1826 ⁸
331 1825 378 1899 Si
390 1822 634 1926 quissalsum
651 1820 786 1920 dogma
801 1826 961 1922 spargit.

330 1927 481 2028 Siquis
508 1925 761 1998 contumeliose
792 1927 956 2026 loquitur
978 1925 1021 2000 de
1045 1927 1222 2025 religione

148 2089 159 2106 ,
228 2026 472 2117 Christiana,
498 2039 563 2101 aut
580 2024 623 2098 de
640 2025 906 2102 Sacramentis.

331 2131 377 2205 Si
423 2133 481 2204 uis
505 2141 594 2214 toto,
611 2132 712 2202 anno
738 2156 800 2204 nec
828 2130 1097 2204 absolutionem
1117 2132 1222 2231 petit,

230 2263 291 2312 nec
306 2159 443 2308 accedit
458 2229 513 2305 ad
527 2257 673 2305 caenam
690 2231 860 2305 Domini.

333 2334 379 2408 Si
400 2336 483 2435 puis
508 2335 727 2408 contumelia
750 2333 871 2437 afficit
894 2345 1080 2437 pastorem
1094 2334 1224 2409 Eccle-

229 2445 320 2524 siae,
347 2449 412 2511 aut
430 2436 529 2510 alios
544 2435 750 2534 Evangelii
768 2438 970 2516 ministros.

332 2540 379 2614 Si
399 2543 492 2641 puis
503 2536 611 2638 apud
627 2564 665 2610 se
685 2539 818 2640 palam
832 2552 992 2613 scortum
1014 2550 1080 2614 aut
1097 2532 1225 2622 dancu-

229 2641 459 2720 binamalit.
882 2640 891 2649 ’

336 2743 384 2817 Si
403 2741 446 2816 de
468 2743 656 2819 adulterio
678 2742 855 2817 adversus
877 2743 1041 2845 aliquem
1063 2755 1129 2817 aut
1149 2743 1226 2817 ali-

230 2849 468 3023 quamdam
487 2847 699 2921 verisimilis
709 2849 848 2946 fertur.
894 2926 896 2929 ,

363 2951 379 3021 i
392 2951 476 3050 quis
491 2962 681 3052 quaestum
690 2951 793 3053 satit
810 2951 943 3022 usuris.

333 3052 381 3124 Si
399 3053 540 3125 iuvenes
561 3064 786 3125 contumaces
809 3063 936 3123 contra
963 3063 1133 3151 parentes
1158 3059 1224 3122 aut

231 3155 351 3239 alios,
377 3157 511 3254 quibus
527 3153 772 3226 commendati
788 3165 892 3241 sunt,
920 3151 1056 3227 dedunt
1080 3181 1117 3227 se
1143 3151 1226 3226 lael-

103 3280 109 3290 *
183 3335 190 3349 ,
232 3257 463 3331 litationibus
480 3268 511 3328 et
529 3255 741 3330 inhonestos
757 3253 865 3328 ludos
883 3268 1056 3333 exercent.

333 3360 429 3431 Haec
447 3359 666 3433 Consistoria
689 3357 823 3442 habent
837 3373 1044 3452 potestatem
1060 3362 1224 3430 ferendae

231 3464 427 3536 sententiae
442 3463 826 3536 excommunicationis.
852 3458 902 3532 Et
915 3464 1091 3534 sententia
1104 3463 1224 3532 mitta-

230 3583 290 3639 tur
304 3569 349 3636 ad
364 3562 559 3636 Ecclesiam
576 3567 651 3636 eius
669 3566 754 3651 loci,
770 3566 833 3635 ubi
850 3566 1144 3637 excommunicati
1158 3567 1224 3634 do-

231 3662 405 3737 micilium
420 3680 490 3752 est,
516 3682 550 3738 et
570 3668 623 3738 ibi
638 3683 699 3738 aut
712 3668 879 3737 recitetur
894 3669 1068 3738 sententia
1082 3669 1121 3737 in
1136 3691 1222 3737 con-

189 3796 197 3815 s
231 3770 353 3848 cione,
368 3782 430 3839 aut
446 3768 573 3858 scripta
588 3769 751 3858 affigatur
764 3769 809 3836 ad
827 3769 950 3859 templi
964 3769 1125 3839 ianuam:
1153 3767 1224 3837 Po-

230 3871 337 3961 pulus
359 3894 442 3938 vero
464 3871 560 3939 iuxta
583 3871 741 3959 regulam
763 3868 866 3938 Pauli
888 3872 1076 3955 doceatur,
1100 3895 1145 3939 ne
1160 3872 1225 3939 ad-

230 3968 352 4043 hibeat
381 3973 700 4041 excommunicatos
715 3967 764 4067 ⁴⁵)
793 3971 838 4039 ad
868 3972 1068 4043 societatem
1090 3972 1224 4042 officio-

229 4098 310 4144 rum
328 4071 666 4147 Ecclesiasticorum.
717 4069 783 4143 Est
804 4087 921 4142 autem
946 4086 1225 4144 contemtores-

231 4175 563 4247 communicationis
580 4200 643 4265 pro
658 4176 740 4244 sacti
757 4174 950 4260 atrocitate,
968 4190 1002 4246 et
1019 4201 1038 4246 a
1054 4190 1223 4267 potestate

102 4344 106 4349 ,
230 4279 387 4368 gladium
407 4293 548 4366 gerente
564 4279 790 4349 coercendus.
841 4275 931 4346 Nam
954 4291 1109 4370 potestas
1130 4279 1224 4372 poli-

229 4381 299 4449 tica
315 4376 510 4449 Ecclesiam
527 4380 564 4447 in
587 4382 718 4475 tuenda
733 4380 791 4470 pia
814 4378 1002 4467 disciplina
1018 4381 1139 4450 iuvare
1161 4383 1225 4450 de-

231 4483 308 4566 bet,
334 4496 373 4552 ut
389 4479 497 4553 Rom.
513 4481 571 4553 ts.
595 4482 855 4571 scriptumest:
890 4473 1059 4551 Potestas
1078 4480 1128 4551 sit
1152 4490 1225 4551 ter-

232 4582 311 4652 rori
326 4579 518 4679 pro‘malo
541 4580 642 4676 operi
661 4591 693 4651 et
715 4576 853 4651 honore
875 4576 1029 4674 adficiat
1051 4592 1139 4653 recte
1152 4584 1225 4682 sa-

232 4681 429 4780 cientest‘).
482 4681 530 4754 Et
542 4681 667 4754 Esaiae
683 4682 745 4758 48.
771 4677 893 4776 Reges
907 4693 1011 4753 erunt
1027 4685 1224 4756 nutritores

229 4783 433 4871 Ecclesiae,
467 4786 504 4854 id
523 4799 585 4866 est,
604 4785 761 4883 soveant
778 4795 809 4854 et
822 4794 1017 4880 protegant
1033 4786 1224 4860 ministros

231 4885 441 4984 Evangelii
461 4896 492 4956 et
513 4897 676 4982 augeant
700 4886 934 4958 reverentiam
952 4886 1161 4985 Evangelii
1184 4891 1224 4963 in

229 4989 379 5091 populo.

244 5103 245 5107 ’
333 5094 401 5167 Sed
421 5095 604 5185 praecedat
625 5094 663 5162 in
688 5093 855 5164 omnibus
874 5095 1003 5164 caussis
1017 5119 1100 5166 vera
1117 5110 1151 5168 et
1167 5098 1222 5190 pia

231 5199 402 5287 cognitio,
430 5219 470 5264 ac
494 5197 563 5267 sint
587 5195 721 5265 iudices
744 5219 818 5266 non
835 5196 903 5266 soli
923 5199 1136 5285 sacerdotes,
1161 5203 1223 5270 sed

231 5349 447 5364 *un—*¹—

267 5433 312 5498 ts)
331 5431 465 5484 adhibeat
478 5430 752 5498 excommunicatos]
770 5431 834 5487 Per.
853 5396 1024 5487 adlec'beatur
1043 5433 1119 5486 talis.

265 5517 310 5586 46)
328 5517 390 5571 Pez.
410 5517 519 5569 terrori
529 5517 608 5568 naulo
619 5518 698 5583 operi
707 5526 736 5572 te
747 5520 853 5572 honori
862 5520 941 5572 bono.

1273 1723 1456 1797 decisivas.

1646 1888 1709 1961 De
1735 1888 1896 1972 Scholia.

1373 2023 1759 2125 Manifestissimum‘⁷)
1784 2045 1836 2101 est
1857 2033 2070 2104 necessarias
2093 2057 2169 2106 esse
2188 2036 2264 2106 lite-

1273 2151 1330 2198 ras
1348 2142 1382 2199 et
1396 2126 1533 2200 scholas
1548 2131 1732 2201 literarum
1748 2134 1793 2201 ad
1809 2137 2114 2207 conservationem
2131 2153 2166 2209 et
2182 2163 2265 2230 pro·

1273 2231 1498 2323 pagationem
1519 2233 1701 2303 doctrinae
1723 2230 1971 2335 Evangelii¹⁸)
1992 2235 2064 2318 †et
2088 2242 2134 2309 ad
2156 2253 2265 2313 totam

1274 2335 1578 2424 gubernationem.
1588 2334 1604 2357 ”
1672 2332 1765 2403 Nam
1802 2339 1962 2411 doctrina
2002 2336 2264 2439 christiana⁴’)

1274 2459 1350 2505 non
1363 2450 1415 2507 est
1427 2431 1659 2528 Philosophia
1674 2460 1736 2507 seu
1752 2440 1880 2511 notitia
1895 2443 2264 2532 indita‘nascentibus,

1275 2538 1367 2607 sicut
1385 2553 1446 2609 aut
1467 2563 1698 2610 numerorum
1734 2542 1880 2629 notitia,
1913 2557 1975 2617 aut
1998 2545 2087 2636 legis
2109 2562 2266 2635 naturae,

1275 2641 1335 2710 sed
1364 2655 1416 2712 est
1440 2642 1644 2712 mirandum
1674 2643 1855 2713 decretum
1877 2643 1946 2716 Dei
1978 2649 2273 2743 aeterniffpatris,

1275 2742 1360 2825 tilii,
1382 2756 1416 2813 et
1437 2742 1591 2835 Spiritus
1610 2744 1742 2828 sancti,
1760 2747 1804 2815 de
1825 2747 1899 2817 filio
1922 2750 2136 2838 mediatore,
2169 2755 2266 2824 etde

1275 2837 1483 2915 remissione
1498 2859 1722 2938 peccatorum
1738 2871 1779 2916 ac
1801 2849 2025 2922 restitutione
2038 2854 2131 2925 vitae
2156 2869 2265 2928 acter-

1275 2971 1357 3031 nae,
1384 2950 1480 3041 quod
1493 2950 1673 3019 decretum
1691 2971 1733 3017 ex
1748 2949 1830 3020 sinn
1855 2956 1989 3024 aeterni
2011 2956 2122 3047 patris
2145 2958 2264 3051 prola·

1275 3063 1352 3118 tum
1374 3050 1467 3119 filius
1488 3049 1664 3141 patefecit.
1718 3047 1830 3145 quue
1845 3052 1943 3125 Deus
1965 3058 2080 3129 voluit
2103 3062 2265 3132 mandari

1274 3151 1406 3235 literis,
1431 3176 1495 3244 per
1510 3146 1707 3244 Prophetas
1723 3167 1757 3223 et
1770 3150 1961 3246 Apostolos
1976 3172 2012 3231 et
2033 3154 2166 3232 horum
2184 3165 2266 3234 scri-

1275 3267 1334 3345 pta
1347 3253 1416 3343 legi
1432 3280 1470 3325 ac
1489 3255 1609 3348 audiri
1629 3256 1823 3333 mandavit.
1874 3258 1995 3349 Quare
2017 3263 2158 3333 etiamsi
2181 3267 2273 3343 aliae„

1275 3368 1395 3445 gentes
1414 3369 1449 3426 et
1468 3357 1657 3446 religiones
1681 3380 1797 3427 carere
1819 3338 1934 3432 fieris
1958 3379 2123 3456 possent,
2147 3380 2264 3439 minen

1274 3455 1432 3527 Ecclesia
1454 3456 1523 3528 Dei
1544 3483 1659 3531 carere
1680 3458 1814 3547 literis,
1839 3464 2040 3554 linguarum
2064 3470 2264 3560 cognitione

1276 3573 1309 3629 et
1330 3560 1530 3631 eruditione
1555 3586 1629 3632 non
1659 3574 1785 3652 potest.
1840 3561 1895 3637 Ac
1927 3570 2030 3640 valde
2063 3596 2156 3662 opus
2181 3590 2266 3647 esset

1274 3663 1371 3752 pios,
1403 3664 1579 3750 eruditos,
1612 3665 1745 3756 peritos
1777 3677 1812 3735 et
1848 3671 2040 3760 prudentes
2070 3669 2266 3769 Episcopos

1276 3763 1449 3855 inspicere
1464 3761 1602 3836 scholas
1619 3779 1654 3836 et
1667 3767 1818 3836 maxime
1835 3764 1922 3841 haec
1939 3773 2057 3843 studia
2072 3799 2208 3868 regere.

1375 3864 1535 3936 Primum
1546 3865 1779 3957 Theologica:
1800 3868 1948 3943 Necesse
1957 3888 2008 3945 est
2022 3878 2121 3948 enirn
2129 3880 2264 3975 aliquos

1275 3990 1401 4057 magna
1425 3970 1612 4042 autoritate
1636 3971 1814 4061 praeditos
1835 3999 2013 4066 praeesse,
2045 3981 2111 4073 qui
2131 3997 2265 4068 curent,

1274 4094 1320 4140 ne
1347 4071 1528 4141 doctrinae
1557 4069 1820 4144 Ecclesiasticac
1852 4079 1989 4169 puritas
2019 4100 2267 4178 corrumpatur

1274 4196 1295 4242 a
1314 4173 1557 4263 petulantibus
1580 4189 1614 4245 et
1633 4176 1753 4266 pravis
1775 4177 1939 4267 ingeniis.
1990 4179 2200 4257 Retinenda
2219 4202 2264 4258 est

1275 4290 1309 4344 et
1327 4275 1507 4344 doctrinae
1521 4279 1730 4363 concordia,
1757 4290 1790 4347 et
1808 4282 2034 4354 voluntatum
2050 4289 2264 4375 coniunctio,

1275 4377 1358 4469 quia
1385 4400 1487 4470 saepe
1511 4402 1552 4446 ex
1576 4380 1725 4470 privatis
1748 4381 1842 4452 odiis
1870 4385 2038 4458 oriuntur
2061 4390 2261 4481 dogmatum

1276 4476 1431 4552 dissidia]
1489 4477 1571 4550 Sint
1594 4481 1705 4550 ‘etiam
1734 4484 1864 4555 delecti
1888 4512 2052 4560 censores
2076 4494 2210 4565 eruditi
2234 4507 2262 4563 et

1275 4604 1415 4670 graves,
1441 4582 1505 4674 qui
1520 4581 1696 4670 iudicent,
1716 4609 1807 4679 quae
1823 4589 1953 4684 scripta
1964 4590 2070 4665 liceat
2084 4597 2164 4682 edi,
2180 4619 2262 4691 quae

1275 4707 1350 4752 non
1365 4683 1439 4753 sint
1455 4684 1602 4759 edenda.
2152 4758 2154 4764 ,

1376 4783 1553 4857 Secundo.
1605 4784 1804 4860 Iuventutis
1818 4793 1954 4880 studia,
1967 4820 2058 4890 quae
2074 4801 2122 4869 ad
2140 4823 2199 4871 eas
2211 4824 2261 4873 ar·

1275 4899 1326 4956 tes
1348 4901 1382 4956 et
1402 4887 1543 4977 linguas
1566 4892 1828 4963 assuefacienda
1845 4909 1915 4981 est,
1940 4923 2031 4991 quae
2054 4903 2261 4975 necessariae

1274 4991 1424 5058 suntad
1447 4990 1718 5080 explicationem
1743 4996 1955 5089 scriptorum
1970 4998 2260 5095 Propheticomn

1275 5104 1311 5161 et
1321 5088 1623 5182 Apostolicorum.

1173 5395 1185 5423 ,
1271 5384 1277 5407 ,
1308 5352 1358 5421 47)
1375 5350 1438 5404 Pee.
1456 5353 1650 5422 Manifestum.

1309 5435 1355 5503 48)
1372 5435 1541 5504 Evangelii]
1557 5435 1622 5492 Pee.
1641 5437 1861 5500 autesaaeuae.

1216 5563 1220 5567 .
1310 5519 1357 5583 49)
1377 5520 1548 5589 christiana]
1568 5519 1632 5576 Pez.
1652 5525 1850 5580 munitae.
