4868 6420
193 369 270 445 sor
575 477 582 489 Ι
769 366 1210 445 nr1sronauuu
1260 365 1370 446 nin.
1402 365 1467 446 uc
1520 361 1655 439 1545.
2164 349 2240 423 soa

195 570 275 621 mea
292 544 543 618 immundities
559 544 700 638 tegitur.
752 542 830 616 lmo
847 570 932 617 vero
949 571 1029 618 cnm
1045 544 1195 639 gemitus
1242 557 1320 617 tum
1333 541 1528 629 studiosos,
1550 561 1706 638 quocum
1720 531 1857 606 iudicia
1871 525 1990 603 adhuc
2004 548 2070 624 per
2090 536 2239 600 aetatem

197 655 273 726 eius
298 664 331 722 et
352 653 524 745 lacrymas
545 653 651 721 amici
665 650 847 736 viderent,
869 666 903 722 ct
916 653 1041 721 mortis
1058 665 1193 722 metum
1240 651 1438 719 infirmiora
1467 659 1568 732 sunt,
1601 668 1750 725 moneo,
1786 665 1832 710 ne
1852 636 1994 727 tragicis
2023 632 2237 704 clamoribus

198 757 389 846 indignum
412 753 475 822 tali
491 752 566 823 viro
590 777 663 823 esse
684 755 904 834 iudicarent,
929 755 1132 846 respondit,
1158 777 1194 822 se
1242 749 1368 837 Eteri,
1379 744 1497 845 Pygti
1512 762 1545 819 et
1559 748 1731 818 similium
1747 743 2015 836 perturbentur,
2028 735 2094 830 qui
2110 734 2239 805 vocife-

200 884 276 929 non
290 883 331 927 eo
341 856 471 939 dolere,
487 858 571 949 quia
588 881 629 926 ex
637 852 785 927 hacvita
797 858 1079 928 discendendum
1097 869 1198 939 esset,
1242 870 1385 939 rantur,
1410 877 1565 933 novum,
1589 850 1813 927 inauditum,
1833 843 2043 920 absurdum,
2061 835 2242 930 peruicio-

200 964 262 1031 sed
289 960 371 1055 qnia
399 964 496 1028 nunc
523 960 633 1049 magis
657 960 779 1028 videat
804 984 904 1027 suam
928 959 1197 1029 immundiciem
1243 984 1321 1029 sum
1332 959 1459 1047 dogma
1470 957 1507 1023 in
1518 948 1826 1024 nostrisEcclesiis
1836 943 1968 1039 spargi:
1989 938 2161 1011 homines
2177 939 2241 1007 fide

202 1088 309 1159 quam
327 1075 449 1140 antea,
480 1085 520 1130 ac
536 1063 719 1153 deplorare
742 1085 779 1130 se
795 1062 976 1131 miseriam
994 1076 1027 1132 et
1040 1086 1140 1132 suam
1165 1073 1199 1128 et
1244 1061 1355 1130 iustos
1371 1082 1456 1127 esse,
1483 1055 1655 1127 Furorem
1676 1051 1911 1123 execrandum
1928 1068 2000 1115 esse
2016 1043 2159 1126 dicunt,
2177 1041 2242 1110 lin-

202 1166 372 1245 aliorum,
396 1161 479 1254 quia
501 1187 581 1232 cum
599 1165 888 1234 circumferamus
910 1166 1020 1236 multa
1042 1162 1199 1252 ingentia
1244 1187 1324 1253 gere
1339 1157 1522 1230 hominem
1537 1156 1668 1228 noticia
1684 1156 1817 1226 iustum
1835 1174 1919 1222 esse.
1971 1141 2157 1217 Adversus
2180 1138 2241 1212 hos

203 1280 238 1337 et
261 1288 388 1334 arcana
411 1279 569 1354 peccata,
601 1279 722 1335 tamen
743 1267 856 1335 securi
876 1261 970 1334 nihil
993 1267 1200 1334 adficiamur
1245 1264 1394 1335 Titanas
1417 1262 1589 1354 opponito
1613 1259 1800 1329 conciones
1829 1253 1895 1321 lilii
1918 1249 1975 1320 dei
2004 1261 2041 1317 et
2064 1244 2243 1331 Paulines,

204 1366 415 1458 cogitatione
437 1367 648 1437 iustissimae
672 1369 745 1436 irae
767 1369 837 1441 dei.
890 1365 990 1438 Alibi
1012 1368 1121 1457 igitur
1143 1367 1200 1434 di·
1245 1367 1430 1459 inquibus
1446 1364 1549 1434 toties
1565 1361 1764 1431 inculcatur
1788 1353 1857 1427 hoc
1874 1354 2021 1423 dictum:
2047 1349 2119 1418 fide
2145 1347 2245 1417 iusti·

205 1483 295 1540 serte
316 1480 352 1537 et
374 1467 557 1559 perspicue
588 1470 771 1555 adfirmat,
796 1471 865 1540 fide
888 1471 999 1562 accipi
1022 1469 1201 1539 remissio·
1246 1467 1525 1557 ficamurgratis.
1576 1463 1747 1557 Inprimis
1761 1484 1844 1529 vero
1859 1467 2036 1526 memento
2054 1450 2244 1522 dictumin

204 1596 287 1640 nem
311 1583 554 1661 peccatorum,
582 1584 616 1641 et
640 1573 751 1641 iustos
773 1571 1004 1663 pronunciari
1027 1596 1094 1641 nos
1116 1595 1201 1662 pro·
1246 1566 1363 1640 Actis:
1393 1565 1477 1638 huic
1503 1590 1627 1649 omnes
1652 1559 1846 1658 prophetae
1864 1555 2109 1631 testimonium
2126 1547 2244 1645 perhi-

204 1688 283 1766 pter
307 1671 549 1746 mediatorem.
606 1670 655 1743 Et
676 1668 741 1742 hac
763 1674 831 1743 fide
855 1689 990 1744 mentes
1013 1674 1202 1744 consolau-
1246 1669 1361 1753 bent,
1384 1671 1542 1762 accipere
1564 1669 1811 1738 remissionem
1842 1673 2069 1756 peccatorum
2091 1679 2157 1746 per
2182 1677 2244 1725 uo-

206 1778 269 1844 das
285 1797 369 1858 esse,
385 1797 475 1866 qnae
490 1789 725 1867 expavescunt
740 1777 930 1866 etfugiunt
946 1779 1063 1862 deum,
1084 1775 1202 1866 agnita
1246 1800 1329 1844 men
1354 1774 1429 1842 eius
1452 1796 1576 1841 omnes
1599 1771 1662 1864 qui
1685 1771 1834 1839 creduut
1859 1766 1898 1833 in
1922 1786 2017 1832 eum.
2071 1753 2245 1828 Omnium

207 1876 362 1947 eiusira.
405 1874 523 1945 Multa
539 1877 773 1963 enimextant
788 1880 863 1947 eius
880 1879 993 1964 dicta,
1019 1903 1108 1971 quae
1125 1878 1202 1946 sine
1247 1871 1500 1968 prophetarum
1523 1896 1715 1943 consensus
1740 1871 1885 1953 citatur3
1924 1861 1992 1934 hoc
2011 1884 2097 1931 vere
2117 1873 2171 1930 est
2191 1883 2246 1929 ca-

207 1978 434 2066 ambiguitate
450 1973 543 2047 hanc
558 1980 768 2048 sententiam
785 1981 976 2050 inculcant.
1248 1975 1400 2049 tholicae
1422 1974 1602 2046 Ecclesiae
1627 1975 1838 2045 consensum
1857 1971 1983 2051 citare,
2009 1987 2119 2057 quem
2145 1963 2246 2052 longe

310 2077 485 2148 Iudicium
515 2080 624 2170 igitur
659 2077 888 2166 adhibeatur,
929 2108 1009 2152 cum
1036 2084 1204 2173 leguntur
1249 2095 1427 2172 antepono
1460 2077 1621 2170 quamvis
1652 2076 1789 2166 magnis
1818 2070 2019 2162 agminibus
2053 2065 2246 2135 recentium

208 2181 342 2252 alicubi
358 2182 504 2253 mutilae
522 2183 798 2274 disputationes,
824 2209 869 2252 ne
889 2199 1027 2255 tantum
1044 2180 1205 2278 philoso-
1249 2178 1523 2265 monachorum,
1557 2179 1618 2273 qui
1635 2179 1783 2249 dilutam
1802 2164 2063 2266 philosophicis
2079 2181 2115 2238 et
2130 2160 2248 2258 phari-

208 2278 351 2377 phicam
370 2285 581 2353 sententiam
600 2309 640 2354 ex
659 2309 699 2355 eo
719 2310 961 2377 excerpamus,
987 2303 1029 2357 ut
1045 2289 1205 2357 lecerunt
1250 2285 1352 2354 saicis
1376 2282 1692 2372 imaginationibus
1717 2277 1917 2349 doctrinam
1940 2271 2194 2350 tradiderunt,
2218 2280 2249 2338 ct

209 2386 398 2476 scriptores
430 2387 540 2456 secuti
564 2384 864 2476 Longobardum,
904 2389 966 2483 qui
989 2413 1134 2480 prorsus
1165 2403 1207 2457 ut
1251 2387 1350 2456 illam
1381 2385 1611 2454 necessariam
1637 2384 1705 2476 piis
1737 2378 2015 2451 consolationem
2041 2372 2250 2444 obruerunt.

210 2481 416 2578 philosophi
439 2488 483 2555 de
510 2488 648 2558 iusticia
671 2484 862 2558 christiana
888 2490 1098 2583 loquuntur,
1156 2489 1207 2561 Ut
1251 2487 1301 2559 Ut
1321 2485 1478 2557 Ecclesia
1504 2484 1613 2555 lsrael
1639 2485 1861 2555 iterfaciens
1885 2503 1947 2572 per
1969 2499 2070 2544 mare
2092 2475 2249 2556 rubrum,

211 2587 331 2678 Scipio
346 2588 448 2657 fortis
465 2603 516 2658 est
531 2589 665 2680 impetu
681 2586 844 2677 heroico,
871 2592 932 2685 qui
949 2608 1000 2663 est
1014 2608 1132 2662 motus
1150 2592 1206 2660 di·
1252 2590 1352 2661 nulla
1380 2615 1417 2658 se
1440 2614 1521 2658 vera
1548 2589 1789 2658 consolatione
1819 2583 1890 2654 alia
1912 2578 2159 2662 sustentabat,
2186 2573 2252 2644 nisi

211 2690 336 2774 vinus,
361 2689 411 2758 sic
427 2691 481 2758 illi
499 2693 624 2762 dicunt
639 2689 834 2784 Baptistam
859 2694 991 2765 iustum
1008 2719 1101 2775 esse,
1124 2695 1208 2787 quia
1252 2695 1320 2763 fide
1334 2692 1550 2783 praesentiae
1566 2704 1601 2761 et
1615 2690 1739 2760 auxilii
1757 2686 1873 2758 divini
1889 2698 1922 2754 et
1938 2679 2192 2762 invocatione,
2205 2677 2251 2746 ita

212 2788 341 2862 habeat
356 2791 504 2861 virtutes
527 2817 686 2863 accensas
708 2796 893 2866 divinitus.
943 2793 998 2865 De
1018 2792 1084 2866 hac
1103 2797 1209 2865 novi·
1254 2820 1333 2866 cum
1350 2818 1488 2885 semper
1503 2793 1553 2884 pii
1569 2794 1607 2862 in
1623 2792 1791 2885 periculis
1808 2812 1882 2859 non
1896 2784 2097 2856 levioribus
2110 2801 2253 2850 versen-

212 2906 284 2965 tate
307 2895 424 2962 cordis
447 2918 528 2963 cum
545 2896 729 2977 dixerunt,
757 2922 832 2966 non
848 2899 991 2982 dicunt,
1017 2900 1113 2969 unde
1137 2895 1208 2966 Ba·
1254 2913 1332 2981 tur,
1364 2892 1432 2965 hac
1462 2897 1600 2965 seluce
1624 2908 1658 2965 et
1690 2895 1759 2963 fide
1781 2892 1943 2981 exigunt,
1974 2885 2077 2979 quod
2109 2895 2253 2975 propter

213 2997 321 3087 ptista
335 2995 581 3066 remissionem
598 3013 840 3088 peccatorum,
866 3025 940 3069 non
960 3002 1102 3085 dicunt,
1128 3025 1208 3069 cum
1250 3001 1367 3069 hlium
1392 2998 1450 3067 dei
1472 2999 1702 3067 mediatorem
1727 3021 1747 3066 a
1768 2998 1834 3065 deo
1857 2989 1987 3080 recepti
2010 2986 2105 3071 sint,
2132 3000 2252 3074 tegan-

212 3097 372 3188 Baptista
395 3121 496 3166 suam
521 3099 790 3169 immundiciem
815 3101 991 3183 intuetur,
1023 3105 1121 3172 unde
1146 3126 1209 3192 pe·
1254 3115 1332 3186 tur;
1414 3114 1551 3173 ventur.
1603 3097 1647 3167 ln
1673 3094 1739 3167 hac
1761 3093 2003 3167 consolatione
2027 3087 2203 3157 discimus
2221 3096 2252 3155 et

213 3217 287 3272 tere
305 3200 581 3270 consolationem
597 3203 733 3288 debeat,
760 3204 846 3273 etin
862 3229 931 3296 qua
946 3228 984 3273 re
1001 3204 1208 3297 acquiescat.
1255 3120 1570 3297 quanffecessaria
1582 3203 1627 3271 sit
1643 3196 1729 3270 haec
1745 3202 1788 3268 de
1804 3199 1874 3266 fide
1891 3193 2080 3275 doctrina,
2108 3203 2145 3259 et
2169 3188 2252 3282 quid

213 3300 297 3371 Nou
318 3323 508 3390 negamus,
551 3318 714 3394 oportere
743 3307 886 3373 accendi
916 3307 1142 3374 dilectionem
1170 3306 1210 3373 in
1255 3308 1360 3374 fidem
1387 3305 1576 3373 nominent
1590 3298 1809 3394 Prophetae,
1836 3294 1999 3368 Christus
2024 3307 2063 3362 et
2079 3287 2253 3383 Apostoli.

215 3402 394 3472 cordibus.
448 3401 518 3473 Sed
542 3406 613 3474 nisi
640 3408 748 3474 corda
766 3419 922 3476 statuant
939 3409 983 3476 de
1000 3407 1209 3477 remissione
1254 3405 1331 3477 Hac
1348 3408 1499 3476 extincta
1514 3406 1592 3474 lure
1611 3419 1645 3474 et
1661 3403 1978 3485 consolatione‚ut
1993 3396 2032 3464 in
2049 3394 2254 3479 Saule,nec

214 3516 439 3595 peccatorum
469 3506 613 3595 fugiunt
643 3509 770 3592 deum,
804 3532 877 3576 non
901 3509 1065 3599 diligunt.
1125 3507 1209 3579 Ideo
1256 3510 1449 3579 consolatio
1467 3509 1506 3575 in
1522 3505 1848 3601 magnisaerumnis
1863 3503 1935 3571 ulla
1949 3499 2092 3591 reliqua
2108 3511 2252 3582 est,nec

213 3603 347 3674 Paulus
382 3605 516 3699 inquit:
560 3608 737 3678 iustificati
771 3610 840 3678 lide
872 3634 993 3700 pacem
1027 3605 1211 3683 habemus.
1256 3610 1432 3680 invocatio
1451 3610 1509 3678 dei
1532 3610 1678 3677 existere
1700 3619 1824 3698 potest.
1877 3601 2037 3692 Fugiunt
2061 3596 2251 3667 enimeni-

214 3704 297 3775 Non
322 3707 511 3799 acquiescit
533 3705 641 3791 Cato,
667 3711 749 3800 quia
775 3735 854 3779 cum
880 3726 977 3800 putet
1001 3736 1036 3780 se
1053 3712 1090 3780 in
1108 3736 1210 3783 causa
1256 3715 1307 3782 mi
1332 3715 1523 3782 frementes
1548 3713 1715 3779 adversus
1738 3713 1864 3803 (lenm,
1892 3705 1951 3798 qui
1969 3703 2120 3771 videtur
2136 3699 2252 3769 durior

216 3807 363 3876 iustiore
390 3832 409 3875 a
432 3810 498 3877 deo
524 3809 674 3899 negligi,
707 3811 848 3881 dubitat
878 3813 915 3880 in
939 3814 1145 3884 universum
1167 3816 1211 3883 de
1256 3815 1367 3898 iusto,
1398 3814 1481 3906 quia
1508 3825 1603 3882 tanta
1627 3812 1719 3880 mole
1740 3809 1962 3878 miseriarum
1993 3800 2087 3872 haec
2116 3802 2253 3869 infirma

184 3909 451 4003 providentia,
484 3909 557 3980 Nec
572 3912 762 4005 acquiescit
778 3910 885 3994 Saul,
907 3916 969 4008 qui
985 3916 1121 3985 etiamsi
1137 3916 1211 3995 scit,
1257 3929 1384 3985 natura
1401 3928 1546 3994 onerato
1564 3927 1625 3986 est.
1675 3911 1751 3982 Hos
1768 3934 1897 4001 agones
1911 3904 2095 3977 Ecclesiae
2114 3904 2179 3997 qui
2192 3902 2254 3972 ali·

216 4012 389 4102 populum
409 4009 515 4079 lsrael
530 4013 742 4102 regiadeo,
769 4029 887 4084 tamen
910 4018 992 4110 quia
1018 4017 1139 4086 statuit
1164 4018 1213 4085 si·
1257 4043 1329 4110 quo
1364 4020 1469 4087 modo
1504 4018 1755 4105 degustarunt,
1804 4014 1957 4082 libenter
1989 4000 2254 4099 amplectuntur

217 4115 256 4181 bi
283 4112 415 4182 remitti
441 4127 601 4204 peccata,
624 4115 716 4204 fugit
734 4117 840 4185 deum
868 4120 958 4188 etei
985 4119 1149 4189 irascitur
1173 4133 1213 4190 ut
1258 4117 1444 4207 Evangelii
1466 4143 1588 4186 vocem
1612 4121 1656 4185 de
1681 4118 1766 4199 fide,
1790 4140 1855 4184 nec
1879 4112 1976 4183 eludi
2001 4134 2083 4179 eam
2107 4107 2250 4201 praesti·

218 4213 319 4285 0³¹⁰·
1259 4222 1324 4312 giis
1341 4223 1425 4291 ullis
1444 4221 1723 4310 disputationum
1743 4219 1878 4289 sinunt.

319 4314 415 4385 Haec
433 4317 597 4402 recitavi,
623 4333 661 4388 ut
676 4320 854 4391 studiosus
879 4323 990 4392 lector
1013 4323 1214 4412 praemoni-
1361 4320 1410 4394 At
1424 4324 1618 4392 reclamant
1633 4321 1847 4400 adversarii,
1872 4340 1953 4401 nos,
1979 4327 2157 4407 tanquam
2184 4333 2253 4380 ma

219 4431 275 4487 tus
293 4420 450 4488 conserat
463 4421 508 4488 ad
525 4415 620 4489 huuc
638 4416 832 4510 Augustini
854 4425 986 4493 librum
1003 4426 1213 4504 doctrinam,
1259 4427 1334 4515 gIca
1355 4428 1463 4495 verba
1488 4425 1666 4494 imitantes
1689 4448 1763 4492 non
1787 4421 1984 4501 intellecta,
2014 4416 2152 4486 stolide
2175 4413 2253 4484 reti·

219 4543 307 4610 (puae
325 4522 367 4587 de
384 4520 452 4588 fide
468 4522 559 4589 etde
574 4522 707 4592 iustitia
722 4523 759 4591 in
775 4527 906 4595 nostris
920 4523 1086 4595 Ecclesiis
1101 4528 1213 4596 tradi·
1259 4553 1343 4597 nere
1367 4528 1536 4618 scriptum
1556 4525 1677 4610 Pauli,
1702 4549 1762 4594 seu
1787 4519 1830 4595 τὸ
1855 4515 1987 4616 ῥητὸν,
2010 4541 2158 4587 severo
2176 4507 2252 4588 dad-

220 4636 295 4698 tur,
325 4623 396 4688 imo
423 4621 539 4711 ipsum
561 4618 753 4714 Augustini
775 4640 897 4716 pectus
919 4631 964 4696 ad
989 4623 1082 4698 hanc
1104 4631 1214 4698 muti·
1257 4653 1385 4714 νοιαν,
1412 4625 1480 4698 hoc
1496 4641 1563 4712 est,
1590 4627 1800 4698 sententiam
1815 4624 1935 4718 sequi,
1957 4645 1998 4690 ac
2011 4618 2123 4690 Pauli
2140 4617 2251 4688 verbis

219 4722 290 4788 lam
324 4723 593 4812 explicationem
627 4728 801 4811 conferat,
836 4754 901 4799 nec
935 4744 1096 4823 excerpat
1127 4725 1213 4800 hinc
1258 4732 1469 4803 concinnam
1492 4729 1820 4821 interpretationem
1844 4728 1974 4795 addere
1996 4734 2251 4813 congruentem

219 4836 397 4892 truncatas
421 4827 613 4895 sententias
633 4829 679 4897 ad
701 4830 922 4901 obruendam
938 4832 1071 4916 lucem,
1105 4857 1212 4925 quam
1257 4833 1457 4924 sapientum
1481 4847 1515 4902 et
1532 4846 1584 4903 tot
1606 4831 1818 4922 scriptorum
1835 4826 1994 4898 iudiciis:
2021 4846 2152 4894 sumus
2173 4820 2252 4891 iusti

219 4921 492 4995 deusEcclesiae
506 4950 590 4997 suae
605 4953 731 5021 magna
748 4934 904 5004 bonitate
921 4935 1084 5007 restituit.
1119 4931 1211 5004 Cum
1245 4931 1346 5029 fide,
1371 4936 1504 5006 scilicet
1521 4932 1716 5031 formata,
1742 4950 1783 5006 ut
1805 4933 1949 5013 dicunt,
1974 4927 2013 4995 id
2037 4940 2095 4997 est
2112 4937 2253 5017 propter

219 5039 336 5094 autem
355 5030 658 5112 sevefflssdffivir,
686 5033 906 5117 eruditione,
932 5037 1063 5105 virtute
1087 5036 1213 5126 etpie-
1257 5039 1484 5109 dilectionem
1516 5037 1600 5108 iusti
1635 5059 1767 5106 sumus.
1829 5031 1926 5103 Haec
1958 5029 2162 5113 sententia,
2200 5027 2252 5094 in-

218 5141 289 5197 tate
314 5143 511 5216 praestans,
551 5128 687 5203 Doctor
717 5129 910 5206 Iohannes
935 5132 1212 5231 Bugenhagius
1257 5140 1405 5233 quiunt,
1448 5139 1590 5230 copulat
1623 5139 1782 5207 virtutes.
1840 5129 1877 5204 Ο
1905 5156 1981 5202 rem
2014 5130 2252 5222 perniciosam

217 5221 462 5315 Pomeranus,
487 5229 615 5303 Pastor
635 5231 812 5307 Ecclesiae
829 5238 1092 5329 Vitebergensis
1116 5235 1212 5311 hunc
1255 5239 1433 5312 Ecclesiae
1449 5257 1483 5312 et
1500 5241 1594 5310 vitae
1610 5235 1798 5309 hominum
1814 5229 2064 5328 sophisticam!
2107 5229 2252 5302 Ludunt

218 5331 350 5400 librum
385 5348 612 5405 enarraturus
638 5337 702 5422 sit,
743 5364 818 5409 non
854 5343 981 5410 addam
1013 5342 1211 5435 longiorem
1256 5345 1447 5415 verborum
1472 5342 1670 5435 praestigiis
1694 5338 1906 5422 adversarii,
1932 5358 2014 5420 seu,
2038 5347 2085 5404 ut
2103 5327 2253 5405 Aeschi-

216 5435 547 5522 praemouitionem.
586 5436 665 5530 lpse
679 5440 775 5509 euim
791 5443 926 5533 optima
943 5444 1011 5514 fide
1027 5459 1061 5513 et
1075 5446 1211 5536 gravis·
1256 5447 1313 5515 nis
1328 5446 1446 5517 verbis
1466 5459 1565 5530 utar,
1589 5444 1774 5514 latrocinia
1797 5450 1960 5512 exercent
1977 5459 2043 5529 per
2055 5433 2251 5506 Ecclesiam

217 5535 308 5603 simo
325 5534 564 5609 iudiciodicta
579 5542 785 5634 obscuriora
798 5543 1001 5619 illustrabit.
1027 5543 1212 5618 llludtan-
1256 5550 1462 5641 navigantes
1478 5547 1518 5617 in
1534 5546 1728 5619 vocabulis.
1778 5543 1913 5628 Aiunt,
1938 5563 1976 5612 se
1991 5538 2166 5630 copulare
2186 5537 2253 5610 vit·
