4868 6420
264 319 293 370 x
863 299 1135 379 ANNALES
1166 297 1354 381 VITAE
1376 304 1509 383 Mitt..
1563 304 1708 384 1544.

287 411 355 577 ἓξ
405 470 560 545 Lutberus
586 482 713 563 graviter
738 485 876 547 irascitur
898 481 1017 549 Bncero
1043 497 1166 570 propter
1191 484 1359 551 doctrinam
1384 490 1422 551 de
1446 508 1540 553 coena
1564 509 1666 576 sacra,
1697 491 1730 549 in
1761 491 1888 571 epistola
1917 489 1955 550 ad
1980 484 2208 572 Landgravlnm
2231 488 2313 553 Has-

456 587 516 647 siae
537 588 715 668 expositam.

86 790 89 799 Ι
211 760 213 765 -
294 710 352 780 24·
405 717 480 782 lllel.
504 723 649 800 laetatur,
673 719 758 804 quod
782 688 923 783 sibinen
949 722 1082 786 eundum
1106 726 1146 786 sit
1170 723 1209 786 ad
1231 735 1412 789 conventum
1436 722 1620 808 spirensem.

405 850 518 936 Magna
543 858 615 917 solis
639 856 768 936 eclipsis.

274 960 278 965 ἡ
406 982 555 1070 Georgius
580 984 710 1052 sabinus
733 1000 856 1051 vocatur
881 993 914 1049 in
939 989 1139 1053 Academiam
1160 989 1444 1076 Regicmontanam.

296 1120 354 1188 26.
405 1118 610 1185 Melanthonis
634 1123 782 1185 iudicium
807 1122 844 1183 de
865 1129 1011 1186 sententia
1035 1121 1218 1209 Neogeorgii
1242 1128 1279 1190 de
1302 1131 1431 1211 peccatis
1456 1130 1630 1190 electorum.

279 1219 368 1284 Febr.
478 1232 482 1236 '

323 1331 356 1392 9,
406 1314 480 1380 Mel.
507 1323 641 1402 queritur
654 1279 705 1381 sde
728 1324 804 1383 rixis
824 1317 955 1383 Lutheri
980 1343 1050 1383 cum
1067 1319 1292 1387 Iurisconsultis
1313 1322 1485 1406 Witaberg.
1513 1355 1562 1374 -
1612 1321 1788 1390 Editionem
1812 1333 1952 1393 locorum
1973 1328 2067 1393 theol.
2092 1339 2120 1387 et
2148 1327 2316 1389 dialectices

333 1430 341 1461 ¹
456 1441 561 1484 rursus
583 1421 720 1486 adornat.

299 1560 356 1628 14.
409 1551 563 1639 Crucigeri
586 1560 716 1621 narratio
743 1557 780 1618 de
805 1558 963 1619 acerbitate
988 1552 1120 1620 Lutheri
1144 1562 1177 1619 in
1195 1555 1441 1623 Iurisconsultos.

299 1698 353 1765 15.
408 1686 480 1754 Mel
508 1706 623 1754 enarrat
644 1693 713 1753 libr.
738 1688 780 1753 V.
807 1687 988 1753 Ethioorum
1009 1688 1194 1755 Aristotelis.
1288 1662 1294 1669 .
1319 1780 1322 1787 Ι
1429 1652 1434 1661 ¹

290 1835 354 1898 18.
407 1820 536 1887 Ioannes
562 1823 747 1904 Friderious,
773 1821 849 1885 Dux
872 1821 946 1887 Sax.
972 1823 1114 1905 Elector,
1136 1831 1228 1889 intrat
1253 1823 1384 1909 spiram.

295 1970 355 2031 21.
408 1955 501 2022 Initia
525 1956 728 2023 Comitiorum
752 1955 949 2041 spirensium.

407 2090 480 2156 lllel.
506 2099 642 2194 queritur
663 2094 700 2156 de
725 2095 860 2155 moribus
885 2089 1010 2172 sabini,
1035 2095 1138 2174 generi
1161 2096 1218 2154 sni.

141 2139 206 2281 ”
281 2164 369 2231 Mart.

320 2277 353 2340 1·
407 2295 481 2361 lllel.
507 2300 636 2379 graviter
661 2302 796 2382 queritur
822 2297 858 2356 de
884 2297 1018 2357 moribus
1044 2292 1169 2375 sabini,
1195 2297 1249 2381 qui
1274 2297 1414 2358 ancillam
1440 2301 1547 2360 uxoris
1572 2317 1642 2359 suae
1666 2295 1825 2378 gravidam
1846 2296 1965 2358 lecerat.

406 2430 515 2494 Alesio
541 2435 643 2495 scribit
667 2433 898 2515 propositiones.

298 2549 353 2614 ¹3·
406 2564 561 2628 Praefatur
583 2571 617 2627 in
637 2568 750 2627 librum
775 2562 929 2628 Ciceronis
955 2565 993 2626 de
1017 2559 1193 2626 senectute.
1263 2551 1266 2554 ’

293 2683 353 2746 20·
406 2697 527 2762 Laudat
549 2697 704 2778 lllauritii,
727 2695 823 2761 Ducis
848 2695 939 2778 sax.‚
963 2698 1098 2760 studium
1121 2702 1155 2759 in
1182 2694 1407 2781 Imperatorem.

408 2832 579 2896 Camerario
604 2834 724 2913 scribit,
750 2833 825 2917 quid
849 2836 939 2894 amici
963 2833 1163 2896 iudicaverint
1187 2834 1225 2895 de
1251 2833 1384 2895 editione
1409 2837 1549 2894 locorum
1573 2832 1669 2895 theol.
1693 2839 1770 2895 anni.
1795 2836 1902 2902 1686.

296 2954 355 3021 25·
405 2965 513 3031 Narrat
537 2967 694 3028 historiam
719 2970 914 3030 comitiorum
937 2964 1126 3051 spirensium
1151 2980 1181 3029 et
1204 2926 1371 3029 ¹conventus
1396 2964 1626 3049 Theologorum
1648 2962 1772 3050 Lipsiae
1798 2968 1903 3029 babiti.

405 3095 562 3183 Incipiunt
586 3097 743 3183 Epistulae
768 3099 805 3162 ad
830 3098 992 3163 Albertum
1016 3099 1285 3177 Hardcnbcrgiuna

266 3219 367 3307 April.
1397 3280 1403 3294 ,

319 3332 352 3395 8.
405 3327 550 3407 Munera,
576 3328 656 3391 lacta
680 3351 720 3390 ex
738 3333 848 3391 electro
871 3334 965 3412 figura
990 3331 1181 3393 cochlearum
1199 3332 1350 3412 accipiunt
1375 3328 1467 3410 lllel.,
1494 3327 1677 3391 Pomeranus
1700 3343 1729 3393 et
1741 3326 1895 3392 Lutherus
1913 3334 1949 3391 ab
1965 3327 2092 3393 Alberto
2110 3327 2203 3392 Duce
2211 3328 2311 3393 l‘russ.

318 3467 352 3529 9.
404 3463 662 3544 Wallenrodum,
692 3441 827 3524 nobilem
851 3462 1017 3543 Francum,
1045 3479 1149 3547 rogat,
1182 3478 1217 3526 ut
1241 3457 1291 3527 det
1316 3462 1505 3545 Camerario,
1542 3468 1597 3528 iter
1618 3467 1650 3525 in
1675 3461 1831 3526 Franciam
1862 3465 1998 3545 lhcturo,
2033 3469 2148 3550 equites
2174 3470 2309 3542 comites,

455 3572 527 3650 qula
544 3569 574 3627 ei
596 3567 705 3628 metuit
733 3567 770 3627 ab
789 3563 961 3649 Episcopis.

295 3701 350 3763 ls·
403 3695 516 3762 Scribit
531 3695 713 3761 Academiae
727 3694 816 3781 Lips.
832 3699 870 3760 da
883 3701 1101 3782 compescendo
1117 3652 1253 3763 Gilberto
1264 3670 1347 3783 ‚squi
1365 3701 1507 3762 docebat:
1529 3699 1663 3761 divinam
1680 3713 1816 3762 naturam
1838 3704 1870 3761 iu
1893 3701 2014 3766 Christo
2035 3724 2152 3783 passam
2173 3726 2245 3764 esse.

291 3848 297 3855 '
404 3829 552 3915 Georgius
573 3830 720 3913 Sabinus,
755 3854 846 3914 gener
861 3829 955 3912 lllel.‚
983 3813 1151 3898 conduclus
1170 3835 1207 3894 ab
1225 3830 1374 3912 Alberto,
1397 3831 1484 3895 Duce
1509 3831 1663 3911 l’russiae,
1689 3838 1887 3915 proficiscitur
1909 3832 2048 3918 spiram,
2077 3812 2110 3901 ut
2135 3841 2309 3900 missionem

454 3948 536 4018 petat
561 3957 578 3997 a
600 3933 787 3999 Marohione.

367 4045 371 4050 ν
402 4064 526 4151 Lipsiae
552 4070 650 4131 editur
675 4091 693 4130 a
714 4067 885 4131 camerario
913 4073 1007 4131 oratio
1031 4068 1182 4151 Ziegleri,
1208 4090 1226 4130 a
1250 4066 1445 4132 lllelanthone
1467 4074 1586 4150 scripta.

294 4213 351 4274 21.
402 4176 556 4265 Lntherus
580 4204 619 4265 ad
644 4201 820 4285 Eperieuses
845 4205 966 4265 scribit:
1021 4201 1099 4282 „De
1124 4200 1169 4265 Μ.
1191 4200 1336 4286 Philippo
1363 4201 1470 4284 (Mel.)
1488 4203 1566 4265 mihi
1592 4208 1676 4265 nulla
1701 4219 1745 4266 est
1772 4210 1896 4267 omniuo
1922 4209 2052 4283 suspicio
2079 4206 2189 4285 (videl.
2218 4211 2307 4269 illum

453 4307 606 4368 deflectere
630 4329 647 4367 a
671 4303 804 4370 Lutheri
826 4311 971 4381 sententia
996 4306 1033 4366 de
1052 4327 1145 4387 coena
1172 4306 1286 4386 saera),
1312 4327 1410 4389 neque
1432 4306 1470 4367 de
1489 4310 1553 4407 ullp
1581 4299 1753 4369 nostrum.''

291 4448 351 4509 22.
401 4436 552 4503 llledlerus
572 4455 696 4504 vocatur
719 4437 930 4521 Brunsvigam.
953 4492 955 4496 ,

290 4581 348 4642 80.
403 4570 567 4655 Georgius,
591 4572 736 4657 Princeps
760 4572 966 4652 Anhaltinus,
991 4575 1113 4654 eligitau
1137 4569 1307 4656 Episcopus
1330 4569 1592 4654 Merseburgoosis.

195 4890 202 4899 „
281 4704 357 4875 Mil„
398 4798 479 4863 Loci
503 4801 670 4884 theologici
693 4804 822 4864 eduntur
846 4804 999 4865 uberiores
1023 4814 1053 4864 et
1077 4800 1243 4881 nitidiores.

314 4950 345 5017 5.
399 4935 478 5001 Cum
504 4932 579 4999 lona
602 4940 799 5019 proficiscitur
823 4935 943 5000 Halam.

254 5034 257 5039 Ι
311 5083 346 5145 7.
398 5069 494 5134 Mittit
517 5070 680 5152 crucigero
701 5092 878 5153 responsum
902 5075 936 5132 in
960 5073 1067 5132 itinere
1089 5073 1257 5151 scriptum,
1278 5070 1317 5133 ad
1341 5067 1443 5133 Duces
1467 5068 1661 5133 Pomeraniae
1687 5068 1727 5130 de
1752 5070 1900 5130 electione
1919 5064 2074 5149 Episcopi.

312 5218 344 5281 8.
397 5205 492 5268 Venit
515 5203 718 5282 Wimariam,
756 5204 863 5266 ductus
892 5226 910 5266 a
934 5208 1001 5268 viae
1025 5218 1242 5284 monstratore,
1277 5225 1369 5288 quem
1401 5211 1429 5266 ei
1461 5204 1580 5267 dederat
1613 5200 1740 5266 Senatus
1765 5198 2033 5283 Naumburgensis.
2067 5233 2118 5246 -
2169 5178 2304 5265 Habebat

444 5310 601 5388 negotium
624 5311 751 5369 tutelare
776 5312 809 5370 in
831 5330 918 5370 causa
943 5311 1107 5371 liberorum
1134 5305 1296 5373 Christiani
1320 5305 1431 5371 Baieri.

284 5453 341 5517 18.
390 5438 495 5506 Rediit
519 5439 739 5524 Witebargam.
