4868 6420
297 349 370 402 vni
899 328 1178 408 ANNALES
1206 327 1393 407 VITAE
1420 328 1553 409 MEL.
1607 329 1741 427 1543.

302 446 397 612 mg?
436 505 510 572 Mel.
525 505 669 592 Philippo
682 503 875 594 Landgravio
890 512 1034 594 affirmat,
1061 509 1233 578 Lutharum
1246 533 1328 592 non,
1354 526 1390 575 ut
1404 512 1572 596 ferebatur,
1599 516 1636 578 do
1648 516 1780 598 digamia
1793 516 1909 602 aliquid
1925 520 2060 580 scribere.

283 642 391 815 ,ΑΡΪ
437 719 591 784 Praefatur
605 723 638 781 in
650 715 734 802 Nopi
749 724 900 783 axiomata
914 725 1069 804 religionis
1086 744 1103 786 a
1118 720 1228 786 Matth.
1244 718 1367 786 Collina
1382 722 1472 784 edita.

353 857 386 918 8·
437 852 534 919 Adest
555 849 771 934 Medmannus,
797 861 912 937 legatus
933 853 1080 941 Archiep.
1099 855 1308 935 Coloniensis,
1343 868 1373 918 et
1395 862 1490 938 petit,
1516 870 1551 920 nt
1564 855 1756 922 Melanthcni
1779 863 1837 921 iter
1859 859 1897 921 ad
1922 856 2198 943 Archiepiscopum
2213 862 2343 943 permit-

490 969 579 1019 tatur.
627 1010 630 1015 .

331 1092 388 1154 10.
437 1089 579 1172 Princeps
594 1072 716 1152 Elector
730 1086 921 1153 lilelanthcni
934 1108 1134 1158 commeatum
1150 1096 1217 1174 dat,
1244 1098 1332 1179 eique
1346 1096 1441 1155 mittit
1454 1095 1598 1156 viaticum
1614 1106 1735 1156 centum
1750 1097 1934 1158 florenormn
1957 1108 1985 1156 et
2000 1098 2124 1157 comites
2137 1094 2214 1156 duos
2231 1101 2344 1179 equites

488 1206 626 1255 armatos.

330 1325 389 1387 17.
438 1325 511 1391 illel.
531 1333 586 1390 iter
600 1325 766 1407 ingreditur
778 1323 918 1388 Bonnam
935 1327 973 1388 ad
987 1326 1264 1411 Archiepiscopum
1280 1326 1391 1394 Goion.
1406 1331 1566 1392 comitibus
1579 1327 1664 1393 Iusto
1677 1325 1771 1410 Iona,
1797 1333 1881 1411 lilio,
1907 1345 1936 1393 et
1950 1329 2141 1413 Hieronymo
2151 1325 2339 1390 Schreibero.

330 1461 389 1523 20.
438 1460 512 1524 Mel.
533 1462 647 1523 viderat
672 1471 702 1520 et
724 1474 847 1523 auxerat
863 1459 964 1523 Alesii
987 1463 1222 1545 disputationem
1244 1464 1281 1526 de
1301 1467 1400 1546 primo
1424 1469 1523 1546 capite
1544 1468 1576 1524 in
1590 1460 1649 1545 Ep.
1672 1466 1710 1526 ad
1724 1462 1897 1543 Romanos,
1926 1478 1956 1526 et
1971 1464 2105 1527 eiusdem
2120 1465 2343 1546 expositionem

488 1562 601 1627 Psalmi
613 1565 716 1645 primi.

328 1697 389 1795 98.
440 1696 513 1761 liet.
530 1709 574 1760 est
592 1692 719 1759 Gothae.

344 1792 348 1797 Ι
440 1830 500 1894 lter
513 1832 586 1893 facit
602 1850 656 1912 per
673 1830 821 1890 ditionem
836 1825 1079 1908 Nassaviansem,
1106 1833 1160 1893 uhi
1171 1828 1356 1893 Knutelium
1370 1834 1518 1894 salutavit.

266 1991 270 1995 ·
439 1961 596 2028 lnitinere
611 1984 730 2025 carmen
746 1963 835 2024 fecit:
866 2010 886 2041 „
896 1961 999 2045 imago
1014 1961 1185 2042 Ecclesiae,
1211 1961 1312 2026 Exod.
1331 1973 1389 2033 83.
1399 1956 1416 2023 ῗ’

318 2065 394 2130 Mati

359 2175 392 2239 9·
440 2168 552 2235 Scribit
567 2172 671 2233 amicis
686 2171 844 2232 demisere
859 2183 937 2232 statu
954 2175 1145 2234 ecclesiarum
1160 2170 1408 2249 coloniensium,
1435 2181 1465 2231 et
1482 2170 1518 2230 de
1533 2190 1590 2246 eo,
1617 2167 1701 2252 quod
1720 2164 1847 2229 Bonnaa
1865 2179 1965 2229 actum
1981 2170 2028 2228 sit.

439 2302 639 2387 Philippum,
663 2309 761 2367 filium
778 2326 867 2365 suum
882 2311 1010 2386 graviter
1023 2306 1180 2386 hortatur,
1207 2316 1242 2368 nt
1257 2304 1385 2386 diligens
1400 2304 1439 2366 sit
1451 2316 1481 2366 et
1497 2306 1586 2364 matri
1600 2305 1791 2385 obsequatur.

333 2450 392 2512 11.
440 2436 568 2503 Caluino
582 2441 685 2502 scribit
699 2440 736 2500 de
749 2441 837 2499 rebus
854 2439 1044 2522 theologicis.

333 2582 390 2645 19.
438 2569 576 2635 Luthero
590 2585 707 2650 narrat,
734 2593 810 2657 quae
825 2569 952 2635 Bonnae
966 2587 1102 2656 agantur.

331 2715 390 2778 23.
439 2703 533 2769 Liber
549 2704 631 2771 Cleri
646 2707 813 2769 secundarii
828 2704 937 2770 Colcn.
955 2709 1095 2771 adversus
1108 2703 1387 2789 Archiepiscopum
1402 2704 1513 2785 prodit.

438 2839 507 2903 Hoc
529 2852 665 2923 tempore
677 2836 855 2903 Melanthon
876 2841 1006 2903 formam
1029 2860 1181 2906 sacrorum
1201 2838 1456 2901 emundandorum
1469 2858 1487 2898 a
1501 2833 1620 2899 Bucero
1634 2831 1862 2915 Achiepiscopo
1879 2833 2018 2895 traditam
2033 2836 2162 2916 perlegit
2177 2847 2207 2896 et
2222 2855 2274 2895 sua
2288 2837 2344 2896 ad-

490 2943 544 3005 dit.
570 2969 622 2984 -·
673 2940 780 3026 Capita
802 2945 839 3004 de
853 2941 1017 3024 Trinitate,
1043 2946 1080 3007 de
1105 2947 1273 3020 creatione,
1299 2942 1336 3003 de
1356 2953 1478 3022 peccatu
1494 2939 1639 3019 originis,
1661 2936 1698 2997 de
1713 2937 1828 2998 iustitia
1843 2934 1912 2996 fidei
1926 2948 1955 2997 et
1971 2957 2097 3019 operum
2110 2936 2147 2998 de
2160 2933 2294 2998 Ecclesia
2313 2952 2343 2998 et

490 3045 528 3107 de
540 3047 726 3127 poenitentia
739 3050 772 3107 in
787 3048 865 3109 libro
883 3045 1058 3110 Coloniensi
1074 3044 1303 3109 Melanthonem
1319 3042 1431 3104 habent
1445 3055 1607 3103 auctorem.

330 3188 389 3252 26.
440 3173 565 3242 Carolus
590 3173 757 3260 Imperator
777 3177 896 3242 Ducem
921 3177 994 3242 Sax.
1015 3179 1186 3262 Electorem
1207 3192 1237 3242 et
1257 3176 1437 3259 Philippum
1458 3170 1592 3255 Landgr.
1615 3172 1751 3232 hortatur
1772 3189 1827 3249 per
1847 3169 1965 3246 literas,
1994 3164 2117 3232 Canum
2139 3175 2282 3252 scrIptas,
2310 3134 2342 3233 ut

489 3285 603 3343 auxilia
617 3283 889 3349 mittantadrersus
903 3281 1026 3348 Turcas.

323 3383 393 3452 Iun.

438 3487 615 3573 Melanthea
634 3495 735 3554 scribit
749 3515 924 3576 responsum
943 3493 980 3554 ad
995 3491 1118 3556 Clarum
1132 3494 1340 3556 secundarium
1355 3487 1576 3554 coloniensem.

353 3632 386 3692 1.
438 3622 575 3707 Epistola
591 3620 688 3707 Papae
703 3627 740 3688 ad
755 3632 884 3711 collegas
900 3631 1035 3711 primarii
1049 3632 1157 3712 templi
1171 3626 1337 3706 Coloniae,
1363 3647 1402 3686 ne
1417 3624 1617 3685 mutationem
1632 3635 1784 3680 sacrorum
1799 3611 1972 3674 concedant.

330 3761 390 3826 19.
439 3755 643 3821 Melanthonis
656 3764 776 3825 libellus
790 3763 929 3824 adversus
946 3759 1068 3826 Clernm
1083 3761 1297 3826 Coloniensem
1312 3760 1410 3821 editus
1427 3770 1482 3820 est.
1573 3730 1575 3734 Ι
1606 3776 1609 3781 ·

329 3898 390 3961 20.
438 3891 513 3955 Mel.
528 3898 649 3976 prolixe
665 3898 768 3958 scribit
781 3897 820 3958 ad
837 3893 982 3963 Senatum
995 3894 1177 3961 Soestanum
1190 3898 1227 3958 de
1242 3893 1433 3959 instituendis
1450 3891 1581 3953 scholis..
1620 3857 1623 3860 >
1686 3967 1689 3971 ἵ

330 4031 391 4093 22.
440 4025 612 4090 Conventus
628 4029 767 4090 ordinum
783 4027 1031 4112 coloniensium,
1056 3996 1165 4116 quibus
1180 4031 1307 4093 traditur
1320 4031 1357 4090 ab
1373 4024 1614 4106 Archiepiscopo
1629 4022 1704 4082 liber
1719 4014 1950 4077 reformationis.
2247 4016 2273 4089 1

439 4157 578 4222 Exeunte
594 4156 684 4223 Iunio
702 4161 789 4246 Casp.
807 4163 906 4227 Hedio
922 4172 1004 4229 venit
1024 4164 1193 4229 Coloniam.

291 4342 295 4349 -
324 4291 385 4360 Iul.
438 4290 617 4358 Melanthon
630 4293 756 4359 Bonnae
770 4300 871 4361 scribit
886 4302 1024 4361 libellum
1038 4301 1075 4362 de
1089 4301 1259 4362 discrimine
1273 4299 1379 4358 veteris
1395 4295 1511 4356 atnovi
1526 4287 1680 4364 Tectam,
1707 4287 1761 4368 qui
1775 4282 2012 4365 posleainwnle
2029 4274 2121 4340 Decb·
2137 4281 2232 4342 editus
2247 4295 2299 4342 est.

352 4437 388 4499 6.
438 4425 519 4509 Papa
536 4433 698 4491 concilium
711 4432 859 4494 indictum
873 4437 983 4495 itermn
998 4445 1149 4515 prorogat.
1596 4398 1604 4405 -

327 4569 385 4633 12.
439 4559 586 4625 Concedit
598 4560 855 4648 Archiepiscopus
868 4564 1077 4646 Melanthoni,
1102 4579 1137 4628 ut
1153 4565 1279 4627 domum
1290 4563 1399 4625 redeat.

331 4704 386 4767 13.
438 4691 569 4756 Caesaris
583 4703 731 4761 exercitus
747 4705 854 4761 missus
870 4702 1007 4764 adversus
1023 4698 1140 4764 Ducem
1154 4699 1325 4767 Clivensem
1341 4699 1423 4763 venit
1438 4699 1470 4756 in
1491 4693 1632 4755 viciniam
1649 4684 1785 4749 Bonnae.

327 4839 385 4901 18.
435 4823 509 4890 Mel·
525 4830 552 4890 tl·
574 4834 630 4897 18.
645 4827 707 4894 Iul.
723 4836 789 4895 vult
802 4835 900 4913 abire,
914 4828 979 4898 ¹sed
993 4841 1137 4899 retinetur
1151 4838 1288 4918 precihus
1299 4836 1466 4909 nobilium,
1492 4831 1546 4913 qni
1559 4835 1684 4906 rogant,
1710 4842 1748 4881 na
1763 4829 1832 4879 anie
1847 4823 2029 4877 convallium
2045 4810 2184 4875 ordinum
2199 4817 2293 4876 abeat.

297 4967 398 5026 alta.
434 4959 553 5025 Amicis
569 4961 746 5028 Melanthon
763 4970 864 5031 scribit
878 4970 1036 5032 historiam
1051 4983 1224 5035 conventus.
1834 4944 1837 4951 Ι

324 5104 384 5172 26.
434 5096 561 5160 Carolus
573 5093 740 5183 Imperator
755 5108 838 5166 venit
851 5099 991 5187 Spiram,
1016 5106 1056 5168 ad
1071 5127 1163 5191 quem
1177 5106 1373 5188 proficiscitur
1386 5097 1596 5172 Hermcnnus,
1628 5088 1776 5170 Archiap.
1791 5082 1922 5162 Colum,
1950 5082 2156 5162 deprecaturus
2179 5101 2233 5163 pro
2251 5077 2339 5143 Duce

484 5197 608 5262 Cliviae.

320 5347 381 5411 28,
432 5339 480 5395 vel
497 5336 525 5397 d.
547 5342 604 5404 29.
619 5334 799 5402 Melanthon
815 5343 877 5403 abit
892 5338 1012 5404 Bonna.

319 5497 377 5560 30.
428 5483 483 5548 Est
496 5488 530 5547 in
543 5507 611 5551 arce
625 5484 845 5552 Runckeliana.
869 5524 922 5537 -
972 5487 1080 5555 Studia
1095 5503 1125 5553 et
1138 5493 1260 5571 negotia
1273 5490 1440 5551 amicornm
1454 5506 1526 5547 aum
1543 5476 1775 5545 remoranturin
1788 5471 1907 5532 itinere·
