4868 6420
217 358 309 457 aar,
791 324 1253 433 sersaonanuu‘
1282 354 1392 438 nin.
1423 356 1488 436 uc
1542 355 1675 432 1545.
2180 340 2258 429 'sse

218 536 308 604 ellici
324 536 367 605 ad
384 549 417 605 te
434 533 672 629 liberandum.
723 528 827 602 Certe
846 531 1006 601 obsidem
1020 557 1076 601 me
1092 531 1210 602 liben-
1360 529 1501 602 Deinde
1526 535 1668 604 devera
1691 531 1916 624 invocatione
1939 545 1975 604 et
1996 554 2084 601 vero
2108 528 2255 601 usuSa·

217 651 271 708 ter
300 638 475 707 dedissem
505 649 625 728 prote
651 637 851 705 latronibus
881 635 973 717 illis,
1006 635 1210 728 quicunqne
1259 653 1520 707 crementorum
1552 635 1711 706 dicturus
1741 660 1853 720 eram,
1882 636 2000 705 vitatis
2029 634 2073 702 iis
2104 632 2251 724 scopulis

216 733 428 836 luerunt*),
444 741 514 832 ,qui
539 753 573 808 te
590 753 729 830 captum
747 751 948 808 tenuerunt.
998 736 1090 807 Vota
1104 739 1209 806 etiam
1258 732 1341 830 arpi
1354 730 1633 834 προςκυνήσεως
1645 736 1780 835 ἄρτου,
1808 760 1898 832 quos
1913 752 1953 808 tu
1965 761 2041 807 non
2058 735 2116 804 vis
2132 735 2250 806 vitare.

207 845 262 933 =ad
285 841 401 912 Deum
434 855 616 911 aeternum
648 853 784 932 patrem
809 840 960 910 Domini
988 840 1101 909 nostri
1130 838 1210 909 lesu
1257 836 1415 924 Putatis,
1441 856 1475 912 et
1496 841 1617 910 omnia
1633 842 1783 910 dicenda
1799 863 1890 925 esse,
1914 853 1948 909 et
1962 839 2101 909 nullam
2119 861 2252 906 moram

218 939 353 1027 Christi
375 946 498 1014 sedulo
521 944 597 1016 feci.
651 943 754 1012 Nunc
777 942 843 1012 Dei
866 943 977 1034 ipsius
995 943 1211 1031 benignitate
1259 940 1299 1010 in
1322 944 1435 1013 causis
1457 944 1601 1033 agendis
1624 943 1775 1014 sortibus
1799 942 1888 1012 v'iris
1910 942 2114 1012 convenire.
2176 935 2250 1029 Ego

216 1049 417 1116 restitutum
436 1060 470 1116 te
485 1070 558 1115 esse
575 1040 841 1114 honestissimae
858 1045 1002 1133 coniugi
1017 1058 1113 1128 tuae,
1128 1045 1211 1114 dul·
1259 1058 1382 1115 contra
1398 1047 1509 1116 multa
1525 1059 1724 1136 praetereo,
1745 1059 1778 1114 et
1794 1058 1979 1115 contanter
1995 1046 2038 1113 ad
2057 1065 2181 1112 causas
2197 1061 2250 1111 ac*

181 1183 184 1186 ⁴
218 1148 366 1218 cissimis
396 1149 536 1232 liberis,
567 1145 734 1217 Ecclesiis
758 1146 900 1230 vestris,
935 1147 1062 1215 studiis
1089 1148 1210 1216 litera·
1259 1148 1355 1215 cedo.
1395 1133 1478 1218 'sed
1498 1148 1570 1217 scio
1594 1173 1650 1217 me
1671 1148 1971 1232 rideriamultis,
1998 1145 2248 1217 etfacitefera

219 1276 319 1336 rum,
345 1252 449 1320 nobis
465 1252 651 1334 omnibus,
675 1250 780 1317 valde
803 1250 933 1332 laetor,
955 1262 989 1318 et
1002 1249 1079 1318 Deo
1097 1263 1210 1318 aeter·
1259 1246 1328 1318 Sed
1345 1250 1471 1318 vellem
1489 1265 1523 1320 et
1539 1250 1622 1319 illos
1637 1265 1672 1320 et
1690 1251 1778 1319 alios
1794 1248 2025 1342 introspicere
2044 1271 2167 1316 meum
2182 1271 2248 1320 cor.

218 1377 285 1437 no,
318 1355 411 1444 patri
432 1352 580 1422 Domini
602 1353 715 1421 nostri
740 1349 818 1420 lesu
833 1346 989 1436 Christi,
1012 1353 1075 1444 qui
1101 1365 1133 1420 te
1153 1375 1210 1419 re·
1259 1348 1298 1419 Si
1316 1366 1453 1422 tantum
1478 1353 1713 1447 lacrymarum
1730 1354 1879 1422 sundere
1894 1376 2052 1443 possem,
2079 1362 2249 1444 quantum

218 1456 320 1524 duxit
342 1456 381 1523 in
403 1458 549 1524 domum
572 1469 686 1539 tuam,
712 1455 840 1544 gratias
857 1476 941 1543 ago,
968 1477 1119 1547 eumque
1134 1478 1210 1538 oro,
1258 1455 1436 1523 undarum
1471 1469 1592 1525 noster
1621 1453 1861 1547 Albispleno
1892 1450 1991 1523 vehit
2022 1452 2146 1534 alveo,
2178 1474 2247 1519 non

219 1570 257 1626 ut
280 1572 314 1628 te
337 1573 451 1627 servet
473 1558 709 1642 incolumem,
735 1581 775 1624 ac
797 1570 912 1644 regat,
944 1568 984 1624 ut
1012 1556 1058 1624 sis
1082 1560 1211 1635 σκεῦος
1258 1571 1373 1645 posset
1389 1551 1569 1625 exhauriri
1583 1559 1822 1642 meusxdotor,
1847 1570 1947 1627 ortus
1961 1581 2002 1625 ex
2018 1550 2095 1623 ‘hac
2117 1553 2248 1623 dissen-

218 1655 355 1744 ἐλέους,
396 1676 431 1730 et
453 1661 606 1729 salutare
628 1682 788 1749 organon
807 1655 985 1726 Ecclesiae
1011 1670 1045 1726 et
1065 1659 1209 1749 patriae,
1258 1659 1368 1730 sione.
1426 1657 1523 1728 Deus
1555 1674 1718 1730 aeternus
1749 1674 1850 1751 pater
1871 1658 2007 1728 domini
2034 1656 2152 1728 nostri
2173 1654 2248 1724 lesu

216 1786 285 1853 qua
309 1787 348 1830 re
369 1759 461 1831 nihil
486 1763 614 1830 melius
634 1757 774 1829 homini
797 1774 857 1830 aut
878 1760 988 1848 magis
1008 1761 1125 1851 optari
1149 1773 1211 1830 au‘t
1257 1759 1392 1831 Christi
1408 1761 1504 1831 iuvet
1526 1786 1610 1847 nos,
1636 1758 1729 1843 †cui
1752 1762 1880 1851 gratias
1900 1783 1984 1850 ago,
2011 1759 2109 1852 quod
2136 1758 2248 1827 domi-

105 1952 108 1958 !
216 1865 294 1933 dari
317 1878 441 1956 potest.
501 1863 558 1934 sis
579 1864 688 1959 foelix
711 1863 814 1942 civis,
842 1875 883 1931 ut
908 1863 1050 1931 fuerunt
1070 1856 1208 1952 loseph,
1257 1887 1343 1932 num
1373 1862 1641 1957 Hieronymum
1675 1861 1941 1934 honestissimae
1975 1860 2123 1949 coniugi
2157 1883 2247 1941 suae,

215 1965 382 2051 Samuel,
417 1964 599 2057 iosaphat,
633 1964 813 2048 Elisaeus,
837 1978 871 2035 et
885 1965 1017 2033 similes
1032 1967 1204 2054 guberna·
1256 1967 1470 2037 dulcissimis
1485 1967 1618 2051 liberis,
1634 1964 1803 2036 Ecclesiis
1821 1965 1944 2034 vestris
1960 1977 1994 2032 et
2009 1963 2118 2033 nobis
2133 1962 2247 2032 omni-

213 2080 326 2149 tores,
361 2094 513 2161 quorum
539 2069 636 2139 Deus
660 2070 704 2136 ad
733 2068 881 2136 salutem
912 2068 1046 2156 patriae
1074 2079 1206 2135 mentes
1255 2072 1322 2139 bus
1346 2069 1517 2154 restituit,
1550 2084 1583 2140 et
1604 2094 1687 2153 oro,
1716 2083 1757 2139 ut
1780 2093 1860 2139 eum
1881 2081 1994 2137 servet
2020 2065 2247 2150 incolumem,

212 2171 326 2256 flexit3
353 2196 427 2241 non
450 2172 550 2252 talis,
571 2170 692 2264 quales
712 2171 858 2239 fuerunt
881 2167 1052 2254 Pericles,
1073 2167 1206 2239 Demo-
1254 2187 1289 2243 et
1312 2186 1425 2264 regat,
1453 2185 1495 2242 ut
1518 2172 1562 2243 sit
1584 2177 1714 2252 σκεῦος
1734 2167 1865 2249 ἐλέους.
1875 2168 1891 2193 ”
1940 2167 2039 2238 Bene
2068 2167 2167 2252 vale,
2191 2167 2248 2236 die

211 2267 370 2357 sthenes,
396 2273 512 2344 etalii
537 2271 698 2366 quamvis
721 2271 874 2351 laudati,
901 2272 964 2363 qui
986 2297 1065 2340 cum
1081 2269 1203 2340 =Deum
1252 2276 1467 2371 aequinoctii
1480 2275 1695 2345 autumnalis
1705 2266 1741 2368 *l
1762 2271 1870 2347 1545.
2120 2306 2127 2316 ¹

210 2399 285 2444 non
302 2391 445 2446 nossent
459 2400 533 2444 non
548 2377 760 2466 profuerunt
775 2372 952 2444 Ecclesiae
968 2372 1046 2446 Dei.
1080 2372 1202 2442 Tuum

209 2501 352 2546 cursum
374 2478 422 2547 ita
446 2476 542 2547 Deus
564 2477 753 2565 gubernet,
786 2489 826 2544 ut
850 2476 1061 2564 gubernavit
1084 2469 1202 2547 hacte-

207 2601 295 2664 nus,
320 2594 361 2650 ut
376 2580 423 2649 sis
438 2593 472 2649 et
486 2578 664 2650 Ecclesiae
679 2573 830 2661 Christi,
858 2590 893 2647 et
908 2579 1091 2647 universae
1108 2576 1201 2647 Ger-

206 2680 347 2751 maniae
369 2683 543 2755 salutaris.
594 2680 692 2751 Bene
714 2680 804 2753 vale.
854 2672 1201 2771 D.Lutlceroopta-
1249 2690 1315 2787 No·
1332 2715 1445 2794 5270·

1765 2372 1955 2468 Philippus
1972 2365 2203 2441 Melanthon.

2109 2577 2246 2589 .--—-—--

1255 2589 1581 2598 ——————...-—-
1589 2588 1688 2596 —---—
1696 2587 1810 2595 —--·--·
1824 2585 1960 2594 -0----
1970 2584 2004 2591 0--
2014 2582 2105 2590 ⁴-000

2100 2714 2158 2794 (t
2180 2711 2225 2788 e)

205 2781 275 2851 rim
298 2798 333 2854 te
350 2785 513 2858 scribere.
565 2781 674 2853 Datae
690 2783 729 2851 in
750 2783 974 2877 aequinoctio
991 2783 1201 2868 autumnali,
1257 2814 1428 2842 ww

106 2917 113 2926 ·
207 2881 317 2959 1545.

678 2982 868 3079 Philippus
893 2983 1121 3061 Melanthon.

201 3215 663 3227 --—.·-—---.-—-..-..—--—
672 3215 719 3222 ..-
729 3215 902 3222 .-.--.-.--..
913 3215 1192 3224 ...x---.nm-

228 3351 296 3426 No.
312 3352 425 3427 3269.

208 3449 421 3488 m

1025 3456 1193 3481 m

542 3550 595 3638 V.
626 3552 860 3637 Theodoro.

270 3709 348 3764 Edita
367 3710 395 3764 in
414 3712 530 3768 Peueeri
550 3726 664 3771 tractatu
683 3718 742 3771 hist.
779 3719 848 3772 .68.
867 3728 893 3773 et
914 3718 941 3772 in
962 3718 1066 3775 Consil.
1086 3722 1196 3777 Melan·

301 3781 391 3832 tbonis
411 3783 498 3836 latinis
518 3785 548 3839 P.
568 3791 591 3841 l.
630 3788 717 3841 .585.
756 3737 933 3841 Contulimus
958 3792 1144 3864 autographon
1169 3796 1197 3849 in

304 3849 366 3903 cod.
386 3849 498 3907 Monac.
517 3854 538 3912 l.
556 3874 583 3926 p.
601 3807 663 3914 dil).

203 4000 429 4078 Clarissimo
457 4009 534 4080 ciro
559 4054 611 4066 —
637 4055 689 4067 ·—
713 4012 767 4086 D.
801 4012 839 4086 V
847 4015 911 4086 ito
938 4012 1196 4113 Theodoro,

203 4110 242 4180 in
269 4109 441 4180 Ecclesia
465 4110 737 4209 Noribergensi
766 4113 909 4187 docenti
933 4118 1196 4217 Evangelium,

358 4213 479 4285 amico
505 4240 573 4286 suo
594 4215 658 4289 καὶ
681 4215 833 4316 ἀδελφῷ
856 4217 1053 4320 pitiana·

201 4323 246 4415 S.
279 4347 323 4418 D.
375 4349 464 4419 Cum
483 4354 527 4421 de
545 4356 773 4445 responsione
790 4355 1045 4429 Ratisbonensi
1060 4362 1195 4432 delibe-

200 4473 336 4536 rarem,
369 4455 528 4538 decrevi,
560 4456 599 4524 in
619 4460 763 4529 exordio
786 4460 1018 4530 recitaturum
1042 4488 1098 4532 me
1121 4490 1194 4533 esse

200 4554 328 4623 veteris
355 4552 568 4625 Germaniae
591 4555 784 4645 Ecclesiae,
810 4587 901 4654 quae
924 4577 1006 4632 ante
1023 4562 1192 4638 Gotthica

79 4678 93 4695 ··
201 4667 358 4747 tempora
375 4680 393 4725 a
409 4658 592 4748 discipulis
608 4657 860 4753 Apostolorum
879 4658 1094 4756 †primum''
1107 4695 1192 4739 con·

199 4758 341 4827 stitutae
364 4773 457 4827 sunt.
505 4759 547 4829 ln
566 4757 622 4830 his
636 4779 686 4833 est
699 4763 987 4851 Ratisbonensis,
1009 4774 1191 4863 quampri·
1242 4818 1245 4822 -

197 4882 296 4927 mum
321 4862 506 4932 constituit
525 4862 657 4934 Lucius
679 4863 899 4960 Cyrenaeus,
924 4870 1018 4939 filius
1040 4872 1116 4941 eius
1137 4899 1191 4942 se-

77 4988 80 4992 .
196 4959 273 5043 nis,
308 4962 370 5054 qui
403 4962 442 5030 in
474 4969 641 5054 gestanda
669 4993 772 5038 cruce
803 4970 916 5039 filium
941 4969 1010 5041 Dei
1043 4976 1190 5048 adiuvit.

195 5058 314 5130 Multa
335 5063 520 5154 splendide
544 5068 582 5136 in
606 5064 674 5139 ho‘c
697 5070 842 5141 exordio
867 5073 911 5141 ad
929 5075 1007 5165 pios
1026 5070 1189 5149 homines

194 5165 455 5235 confirmandos
479 5194 558 5237 cum
586 5171 623 5239 in
646 5197 685 5241 ea
701 5172 856 5267 civitate,
885 5189 959 5243 tum
979 5202 1062 5247 vero
1079 5179 1116 5249 in
1132 5207 1188 5250 ce-

193 5265 277 5334 teris
293 5267 362 5335 dici
382 5271 587 5359 potuissent.

191 5444 416 5467 ——b-

221 5540 249 5594 *l
268 5541 370 5614 Spanlr.
385 5543 486 5601 ediditr
502 5546 626 5622 fuerint,
644 5571 675 5605 er
693 5553 886 5610 emendatione
898 5575 955 5615 sua.

1019 3373 1075 3432 13.
1094 3361 1198 3447 Septb.
1247 3319 1262 3399 (

1477 2953 1506 2986 x
1655 2912 1812 3028 Pugell
1840 2979 1851 3004 .

1282 3052 1547 3206 †ilhau;p‹glr¹:p(bo
1569 3082 1599 3135 in
1626 3081 1691 3136 bibl.
1716 3081 1880 3153 Μεγαλαρχ.
1900 3077 2015 3134 Badens.
2037 3073 2243 3144 descriptum

1263 3317 1395 3394 Pegella
1412 3316 1559 3398 epistolae
1569 3317 1689 3377 cuidam
1703 3315 1833 3378 inclusa?
1859 3312 1933 3379 th.
1946 3319 2033 3395 epist.
2044 3311 2078 3376 d.
2096 3317 2151 3377 ta.
2162 3307 2241 3391 Spa.

1251 3425 1359 3490 1545.
1386 3423 1425 3483 ad
1440 3420 1657 3499 Theodorum,
1680 3445 1696 3482 e
1715 3443 1773 3505 qua
1786 3423 1983 3500 intelligitur,
2011 3418 2092 3478 haec
2111 3417 2174 3475 fere
2187 3413 2244 3474 hoc

1566 3539 1702 3608 tempore
1718 3528 1827 3608 scripte
1843 3520 1932 3601 esse.)

1297 3670 1441 3755 Lucius
1458 3673 1689 3781 Cyrenaeus,
1707 3674 1989 3779 σταυροφόρου,
2004 3680 2168 3771 primum
2183 3680 2239 3748 do·

1349 3791 1422 3858 cuit
1444 3786 1679 3880 Evangelium
1704 3789 1749 3855 ad
1770 3784 1977 3856 Danubium
2005 3784 2046 3852 in
2071 3776 2240 3878 Augusta

1347 3886 1547 3977 Tiberina,
1572 3891 1815 3982 Regensburg.

1297 3981 1488 4076 Crescens,
1516 3995 1736 4082 Moguntiae.

1296 4090 1483 4178 Clemens,
1511 4098 1612 4167 Meti.

1295 4193 1543 4296 Trophimus,
1568 4196 1717 4269 Arelati.

1294 4298 1453 4370 Marcus
1479 4302 1582 4372 Pauli
1598 4299 1793 4394 discipulus
1813 4297 1852 4367 in
1869 4295 2015 4366 Passau.

1295 4400 1518 4488 Maternus,
1550 4403 1646 4472 Petri
1671 4402 1885 4496 discipulus,
1910 4397 2091 4469 Coloniae
2116 4416 2153 4491 et
2174 4396 2236 4470 Ar-

1345 4509 1531 4598 gentorati.

1291 4603 1521 4681 Nathanael
1536 4610 1628 4698 apud
1646 4606 1833 4696 bituriges,
1850 4603 2032 4676 Treviros.

1292 4708 1469 4781 Lusurus
1487 4712 1712 4781 resuscitatus
1727 4707 1927 4800 Massyliae.

1290 4814 1398 4885 Anno
1422 4815 1562 4884 domini
1587 4812 1635 4882 35
1656 4811 1834 4902 lapidatus
1855 4801 2061 4900 Stephanus
2093 4821 2129 4879 et
2157 4832 2235 4880 con-

1340 4941 1461 4987 versus
1480 4916 1623 4988 Paulus.
1644 4959 1649 4976 .
1859 4906 1863 4925 ’

1288 5018 1421 5090 Paulus
1451 5042 1573 5109 passus
1600 5015 1727 5086 ultimo
1758 5039 1852 5084 anno
1885 5011 2042 5082 Neronis
2074 5014 2236 5083 videlicet

1340 5147 1435 5191 anno
1451 5121 1588 5190 domini
1604 5119 1665 5191 70.
1717 5113 1813 5208 Ergo
1829 5116 2062 5187 concionatus
2078 5131 2136 5189 est
2148 5115 2236 5187 Pau·

1336 5227 1394 5294 lus
1408 5224 1547 5294 circiter
1560 5221 1610 5296 35
1625 5243 1748 5293 annos.

1239 5398 1430 5412 ...---—-—-

1268 5490 1299 5557 *l
1321 5488 1384 5542 Per.
1402 5484 1488 5539 edidit
1506 5483 1561 5538 sic:
1591 5482 1634 5536 die
1656 5481 1698 5540 tt.
1718 5481 1838 5555 Septem.
1858 5479 1904 5552 qui
1921 5477 1974 5533 luit
1990 5475 2053 5537 dies
2073 5456 2236 5554 aeduinoetii

1305 5554 1480 5613 autumnalis.
1998 5562 2003 5569 ‘
