4868 6420
107 366 199 447 105-
599 380 601 383 ·
682 304 1385 439 setsroutnuunm.1x.
1434 353 1570 437 tete.
2061 371 2150 449 seo

106 547 207 642 Quid
228 541 324 615 enim
343 537 412 634 piis
433 535 574 612 dulcius
596 548 666 624 est,
680 554 684 561 ·
697 559 805 632 quarn
829 533 1037 609 confirmare
1058 531 1097 600 in
1150 529 1222 601 niis
1237 529 1534 620 indulgentiorem
1550 547 1634 601 esse.
1684 526 1755 604 Sed
1778 543 1897 604 tamen
1919 534 1969 608 ita
1990 552 2145 631 regetur,

105 649 286 749 agnitione
300 644 367 714 filii
378 642 465 728 Dei,
486 655 519 712 et
533 643 666 711 discere
679 661 801 708 veram
815 633 1099 707 invocationem?
1150 633 1243 703 utin
1257 634 1373 703 officio
1389 655 1525 724 sperem
1541 632 1703 703 futurum
1719 657 1803 708 esse.
1854 634 1962 708 Hunc
1977 640 2143 712 iuvenem

12 748 15 753 ’
105 757 217 850 Saepe
240 747 407 838 deploro,
439 743 613 834 populum
634 765 710 811 non
731 740 931 810 discerncre
955 738 1099 808 invoca·
1149 729 1354 805 Antonium
1383 734 1627 805 commendavi
1652 732 1810 809 Senatui.
1870 736 2043 810 Probabis
2067 743 2143 814 eius
2220 743 2229 752 “

105 863 240 932 tionem
262 870 364 916 suam
386 846 432 914 ab
443 838 597 914 Ethniea
619 857 680 914 aut
698 840 840 911 Iudaica
863 851 924 909 aut
937 837 1098 911 Turcica.
1150 838 1360 910 orationem.
1412 834 1532 923 Quare
1551 847 1583 905 te
1602 835 1708 906 etiam
1729 852 1836 931 atque
1856 839 1962 908 etiam
1984 866 2071 929 oro,
2102 855 2144 915 ut

108 961 193 1032 Ideo
214 949 429 1021 mentionem
449 946 525 1014 eius
539 945 592 1015 rei
606 944 674 1014 feei
689 943 728 1011 in
743 943 865 1010 libello
882 939 1098 1012 Coloniensi.
1151 940 1227 1008 eius
1258 959 1398 1008 causam
1425 933 1470 1010 D.
1492 931 1631 1005 Iacobo
1642 929 1681 1028 *)
1714 941 1956 1022 commendes,
1997 957 2039 1014 ut
2066 945 2143 1036 ipse

16 1068 19 1073 ’
106 1060 155 1134 Et
174 1061 214 1131 in
235 1049 306 1124 hoc
329 1049 405 1140 ipso
419 1039 583 1114 Lutheri
601 1045 732 1136 scripto
755 1044 954 1113 illustratur
973 1041 1099 1109 discri-
1152 1064 1293 1134 quoque
1308 1060 1427 1130 proeo
1443 1038 1536 1128 apud
1553 1052 1714 1108 senatum
1727 1053 1762 1110 et
1784 1040 1916 1110 amieos
1938 1042 2143 1121 intercedat.

106 1189 201 1238 men,
248 1153 305 1227 De
327 1145 385 1219 his
408 1148 515 1218 rebus
537 1143 663 1241 dum³)
685 1146 780 1215 inter
799 1166 866 1213 nos
884 1155 1100 1212 commenta·
1151 1139 1249 1210 Bene
1262 1140 1340 1211 vale
1354 1152 1388 1210 et
1400 1139 1562 1213 rescribe.
1588 1134 1728 1209 Amabo
1742 1154 1776 1209 te
1790 1141 1893 1212 etiam
1909 1156 2013 1238 atque
2026 1147 2144 1233 etiam,

104 1269 246 1346 bimur,
276 1265 435 1347 proteget
449 1247 545 1320 Deus
557 1244 732 1318 Ecclesiae
747 1257 782 1315 et
794 1243 938 1336 politias
952 1257 1100 1327 nostras,
1152 1243 1321 1334 suscipias
1353 1263 1493 1312 causam
1526 1235 1633 1310 huius
1664 1235 1837 1329 Antonii,
1880 1255 1917 1316 et
1949 1268 2021 1321 ,noc
2053 1270 2144 1320 ama,

107 1391 196 1463 quas
219 1360 297 1433 Deo
329 1352 480 1423 assiduis
511 1350 604 1420 votis
637 1348 935 1419 commendemus.
998 1339 1099 1415 Nihil
1152 1343 1286 1416 lterum
1302 1343 1390 1418 vale.
1416 1336 1691 1433 dieAugustini.
2090 1326 2095 1348 '

106 1470 205 1540 enim
225 1464 330 1533 video
352 1449 592 1523 humanorum
614 1449 883 1543 praesidiorum.
933 1439 1102 1515 Lovonii
1666 1469 1855 1569 Philippus
1869 1473 2082 1550 Melanthon
2109 1533 2112 1537 ⁴

104 1591 228 1642 recens
249 1566 321 1634 dno
342 1554 484 1631 honesti
502 1553 572 1624 viri
592 1563 738 1644 propter
755 1545 942 1639 Evangelii
963 1550 1099 1617 conses-
2083 1528 2095 1555 ⁶
2127 1567 2129 1572 ¹

107 1673 244 1743 sionem
265 1663 381 1734 necati
401 1668 502 1739 eunt3
545 1667 580 1726 et
609 1654 700 1722 duae
728 1646 896 1721 honestae
917 1662 1100 1718 matronae

107 1774 210 1842 vivae
223 1768 397 1842 defossae,
421 1780 574 1850 quarum
587 1753 702 1823 virtus
716 1750 755 1821 in
768 1764 841 1822 tota
854 1752 943 1821 urbe
952 1746 983 1846 ⁴)
997 1772 1100 1842 prae-

106 1875 259 1945 dicatur.
318 1865 486 1938 Sinamus
507 1858 616 1948 igitur
639 1855 757 1924 furere
778 1851 986 1948 Tyrannus,
1022 1864 1099 1922 eta
1150 1813 1349 1946 Q·
1938 1825 2013 1906 (28·
2030 1825 2131 1913 Aug.)

106 1975 184 2049 Deo
213 1984 373 2064 petamus
397 1959 570 2033 auxilium
597 1970 632 2028 et
653 1955 905 2027 defensionem.
963 1948 1099 2062 Adole-
1422 1994 1459 2084 S
1599 2007 1607 2025 ⁸
1851 2008 1861 2029 ·

108 2098 209 2150 scens
217 2069 467 2161 Hieronymus
481 2060 612 2130 dicitur
625 2056 852 2126 mediocriter
865 2056 979 2125 lacero
995 2076 1098 2123 suum
1458 2013 1605 2085 ‘matu‘
1633 2000 1872 2138 &emensa

108 2178 277 2252 officium.
318 2169 382 2241 Bis
399 2167 494 2236 enim
508 2159 724 2249 interrogavi
738 2157 813 2227 eius
828 2168 1100 2249 praeceptorem,
1219 2182 1240 2248 p
1258 2179 1297 2236 g,
1310 2197 1403 2254 ,W
1415 2178 1445 2235 in
1459 2180 1521 2238 „p
1535 2179 1619 2238 Gon.
1633 2181 1693 2238 189.
1704 2199 1755 2238 no.
1765 2177 1808 2239 45.
1819 2190 1886 2240 m,
1897 2182 1979 2241 ,Q

107 2282 226 2350 virum
242 2297 405 2366 gravem,
430 2261 640 2341 Francum,
666 2259 729 2353 qui
743 2282 824 2329 eum
837 2279 956 2346 regere
973 2259 1101 2340 studet,

107 2405 184 2452 non
200 2378 276 2447 sine
292 2375 425 2444 labore.
474 2364 550 2436 Ero
572 2376 607 2434 et
626 2362 701 2454 ipse
721 2384 795 2429 non
811 2360 925 2428 solum
940 2354 1102 2427 hortator
1457 2335 1618 2410 Senatui
1634 2335 1856 2416 Bremensi·
1901 2339 1906 2351 '

108 2485 169 2555 sed
184 2480 290 2551 etiam
304 2475 528 2561 obiurgator,
560 2488 640 2536 cum
663 2483 752 2552 opus
774 2461 852 2535 erit.
901 2456 978 2528 Hac
998 2472 1101 2529 nocte
1152 2445 1197 2536 S.
1221 2462 1267 2539 D.
1317 2463 1499 2558 Principio
1523 2482 1624 2560 peto,
1656 2480 1698 2539 ut
1720 2463 1810 2537 mihi
1833 2468 2039 2559 ignoscatis,
2072 2473 2145 2545 cla·

109 2582 266 2657 calculus
282 2575 446 2648 atrociter
462 2568 593 2639 invasit
607 2557 836 2635 Lutlterums
858 2583 966 2652 quare
984 2560 1102 2630 orabis
1152 2566 1282 2637 rissimi
1299 2568 1391 2653 viri,
1422 2570 1519 2662 quod
1542 2569 1658 2640 studi,
1674 2571 1905 2641 adolescentis
1920 2571 1958 2640 in
1976 2575 2065 2645 urbe
2081 2599 2144 2645 ve·

106 2684 244 2767 Deum,
273 2693 315 2749 ut
329 2699 433 2748 suum
448 2671 650 2740 ministrum
666 2675 778 2734 servet
793 2676 828 2733 et
843 2661 1017 2732 cruciatus
1034 2661 1104 2730 mi·
1154 2684 1225 2740 sera
1251 2669 1328 2738 nati
1355 2670 1458 2739 vohi,
1485 2672 1733 2740 commendm
1760 2695 1867 2742 ,usus
1890 2696 1980 2749 sm
2038 2674 2145 2748 scitis

110 2789 208 2878 tiget.
258 2779 357 2851 Bene
371 2777 461 2846 vale.
511 2769 579 2840 Dic
595 2764 748 2856 Augusti
761 2767 824 2839 2'1.
1155 2771 1249 2839 enim
1271 2795 1336 2863 pro
1359 2783 1473 2839 vestra
1497 2772 1705 2861 prudentia,
1730 2786 1992 2866 praeceptorem
2015 2777 2144 2847 debere

1155 2871 1271 2941 studia
1299 2871 1567 2964 disciplinarum
1594 2874 1693 2941 omni
1715 2875 1913 2945 officiorum
1936 2898 2063 2965 genere
2086 2879 2144 2948 iu-

120 2982 1101 3058 W
1156 2995 1257 3056 vare,
1289 2995 1329 3041 ac
1350 2965 1561 3064 provehere,
1593 2972 1701 3067 idque
1724 2970 1793 3045 hoc
1815 2988 1973 3067 tempore
1994 2976 2147 3049 maxime

1155 3077 1269 3144 facere
1294 3074 1440 3156 debere,
1472 3097 1573 3158 cum,
1605 3077 1758 3167 quodam
1784 3077 1877 3146 tristi
1899 3078 1989 3164 fato,
2021 3080 2146 3151 literae

109 3146 307 3283 Q·
445 3165 447 3168 ’
488 3243 491 3249 ,
925 3130 1098 3254 Q
1156 3175 1267 3264 magis
1281 3198 1386 3267 quam
1399 3173 1473 3244 ulla
1488 3198 1647 3267 uuquam
1663 3190 1776 3247 aetate
1789 3178 2023 3266 negligantur.
2072 3179 2164 3255 De·⁴

397 3323 446 3411 N
466 3363 472 3380 ,
481 3269 820 3406 Bascoducem
868 3326 874 3338 »
1156 3289 1211 3347 cel
1240 3289 1357 3346 autem
1388 3298 1452 3345 vos
1482 3298 1644 3368 quoque,
1681 3277 1745 3372 qui
1771 3280 1987 3370 respublicas
2010 3285 2147 3368 tenetis,

443 3387 454 3408 '
1157 3373 1322 3447 honestas
1336 3376 1540 3467 disciplinas
1553 3399 1689 3447 summa
1705 3402 1772 3468 ope
1785 3376 2003 3455 conservare.
2053 3381 2146 3454 Cum

180 3513 260 3573 Edu
272 3511 301 3567 tn
314 3508 344 3566 s.
358 3508 391 3563 Α.
403 3504 542 3560 Gabbenu
554 3496 633 3571 epist.
647 3495 747 3552 deror.
762 3490 846 3547 viror.
862 3507 889 3564 p.
902 3489 947 3546 91.
1157 3479 1264 3568 igitur
1278 3489 1410 3568 peteret
1424 3500 1445 3546 a
1464 3500 1523 3546 me
1542 3481 1882 3550 commendationem
1904 3483 1949 3551 ad
1971 3506 2036 3552 vos
2059 3485 2146 3556 ado-

553 3654 561 3672 ·
1061 3579 1090 3663 ’,
1157 3580 1290 3649 lescens
1305 3572 1600 3663 AntoniusBlo,
1630 3580 1724 3650 filins
1746 3581 1832 3650 civis
1847 3580 2049 3652 Bremensis
2072 3609 2146 3655 non

116 3675 214 3756 Vim
247 3666 382 3784 (ΨῙῘῙἾΟ
414 3657 469 3735 D·
494 3650 701 3771 N²⁶Plf¹⁰
724 3640 1106 3729 Bu⁸⁶⁰d“⁶⁵”⁸¹’
1157 3682 1256 3749 volui
1271 3682 1303 3750 ei
1317 3682 1455 3762 deesse,
1485 3703 1609 3749 acvos
1633 3682 1841 3766 valdeoro‚
1875 3684 2153 3778 uteumrespi-'

272 3790 392 3842 (ΝΜΟ
407 3784 476 3834 ⁸¹¹⁰
492 3776 732 3839 walls-“me
756 3747 944 3823 Rumam·
1157 3781 1257 3850 ciatis
1273 3803 1313 3850 ac
1328 3779 1466 3852 iuvetis.
1516 3777 1776 3867 constituistis,
1806 3794 1849 3852 ut
1864 3784 2020 3875 accipio,
2041 3783 2145 3858 scho-

113 3894 157 3986 S.
174 3907 224 3982 D.
271 3899 363 3973 Cum
381 3888 442 3964 hic
460 3886 600 3959 iuvenis
613 3893 747 3977 peteret
762 3877 1104 3950 commendationem
1156 3882 1295 3952 lasticos
1316 3879 1455 3973 aliquos
1481 3880 1526 3949 de
1547 3882 1692 3972 publico
1716 3883 1826 3968 alere,
1858 3885 1986 3976 quain
2005 3910 2045 3955 re
2066 3888 2145 3958 offi-

113 4016 160 4089 ad
180 4026 217 4084 te
240 3997 406 4081 anobis,
445 4009 659 4080 magnopere
684 3977 774 4052 mibi
804 3978 997 4069 gratulatus
1026 4001 1104 4047 sum
1156 3983 1250 4052 cium
1272 3996 1307 4053 et
1327 3982 1434 4052 bonis
1453 3981 1714 4071 magistratibus
1735 3985 1884 4074 dignum
1907 3999 1940 4056 et
1965 3983 2042 4056 Deo
2065 4012 2145 4079 gra.

113 4110 287 4187 nuncium
309 4093 402 4171 mihi
421 4106 556 4164 certum
578 4091 623 4157 ad
644 4099 679 4156 te
699 4082 857 4153 oblatum
875 4103 959 4152 esse.
1010 4074 1102 4147 Amo
1155 4098 1231 4153 tum
1253 4083 1377 4153 facitis.
1435 4080 1527 4151 Nam
1550 4083 1687 4169 literae,
1721 4109 1802 4155 cum
1823 4086 1965 4178 quidem
1987 4111 2145 4161 necessa-

113 4196 211 4290 }nim
225 4202 408 4297 ingenium
423 4209 525 4265 tuum
539 4212 581 4262 ex
594 4188 733 4270 animo,
755 4196 858 4276 atque
872 4181 1008 4250 utinam
1023 4202 1104 4248 sua·
1155 4187 1249 4265 riae,
1278 4197 1363 4255 sunt
1383 4183 1489 4252 rebus
1509 4184 1681 4273 publicis,
1712 4209 1787 4255 non
1810 4202 1957 4276 possunt
1978 4189 2054 4259 sine
2077 4216 2143 4284 ope

111 4318 225 4389 vitate
237 4325 299 4382 tua
315 4301 386 4374 lrui
401 4316 550 4389 possem.
574 4326 579 4332 ·
599 4287 794 4379 Nunquam
815 4307 835 4351 a
857 4296 895 4351 te
909 4280 1030 4385 divelli
1046 4303 1104 4348 me
1155 4285 1429 4374 Magistratuuru
1461 4285 1672 4358 conservari.
1730 4284 1843 4356 Porro
1862 4283 1935 4358 .hic
1958 4284 2142 4365 Antonius

112 4421 280 4492 sinerem·
337 4401 416 4480 Tu,
448 4392 618 4488 quoniam
638 4385 748 4458 babes
767 4383 885 4455 ocium
907 4381 1013 4450 velim
1035 4381 1103 4448 all·
1155 4385 1300 4476 ingenio
1313 4386 1427 4470 valet,
1451 4397 1487 4454 et
1503 4385 1542 4453 in
1558 4385 1671 4456 literis
1685 4387 1776 4458 bene
1792 4389 1946 4480 proficit,
1976 4406 2010 4462 et
2027 4418 2141 4464 mores

185 4516 259 4586 ndo
280 4507 324 4578 ad
346 4523 414 4571 nos
436 4497 566 4566 iterum
591 4489 777 4582 expetiere.
826 4481 917 4552 Nam
941 4478 1000 4549 hie
1022 4482 1103 4574 qui-
1154 4484 1259 4559 babet
1289 4486 1411 4556 aetatis
1437 4488 1659 4567 commodos,
1695 4502 1733 4558 et
1761 4513 1858 4580 spem
1889 4491 1933 4560 ‹le
1954 4513 1990 4560 se
2010 4494 2140 4565 bonam

112 4628 197 4697 dem
217 4620 377 4701 sumptus
395 4598 516 4669 nullos
538 4594 653 4664 lacere
667 4602 702 4659 te
719 4584 844 4680 patiar.
894 4580 943 4655 Et
957 4583 1104 4652 fortasse
1153 4589 1309 4680 praebet.
1363 4585 1469 4675 Quod
1491 4586 1521 4656 si
1541 4588 1617 4658 eius
1638 4588 1821 4679 ingenium
1843 4591 2056 4666 liberalitate
2073 4621 2141 4688 pu-

114 4721 208 4817 apud
223 4735 309 4794 nos,
339 4702 434 4798 quod
452 4718 591 4789 ageres,
621 4689 781 4760 invenire
803 4706 941 4777 posses,
968 4685 1104 4777 quade
1153 4692 1244 4761 blica
1261 4689 1439 4772 foveritis,
1464 4689 1570 4773 olim,
1593 4686 1670 4759 Deo
1684 4691 1846 4776 volente,
1880 4694 1962 4763 usui
1981 4719 2053 4766 esse
2069 4699 2141 4767 rei.

112 4850 154 4898 re
176 4813 329 4913 optarim
354 4827 412 4873 me
434 4813 550 4868 tecum
571 4791 648 4876 hic,
687 4813 768 4859 cum
790 4787 949 4867 adesses,
980 4785 1103 4875 dispu-
1153 4792 1315 4885 publicae
1331 4789 1472 4881 poterit.
1523 4786 1647 4882 ltaque
1668 4814 1774 4882 rogo,
1806 4776 1848 4863 ut
1869 4793 1901 4863 ei
1924 4797 2140 4887 confugienti

114 4943 218 5000 m,
267 4912 322 4987 De
337 4891 621 4994 Frisio*)nihil
639 4905 708 4971 est,
740 4889 835 4980 quod
855 4884 995 4957 solliciti
1016 4886 1104 4959 silis·
1155 4896 1294 4977 advos,
1325 4906 1493 4984 tanquam
1515 4893 1560 4960 ad
1581 4904 1748 4982 patronos
1771 4893 1952 4965 literarum
1975 4891 2142 4970 honesta·

115 5019 267 5117 Ingenio
293 5024 346 5083 est
368 5003 450 5088 tali,
493 5014 535 5071 ut
554 4999 645 5067 bene
666 4990 880 5084 sperandum
903 4987 1007 5055 nobis
1030 5010 1103 5056 esse
1154 5018 1253 5078 rum,
1273 5016 1382 5086 ¹opem
1396 4991 1534 5078 seratis,
1559 5005 1593 5063 et
1609 4992 1825 5085 stipendium
1841 4995 1986 5088 aliquod
2004 5000 2037 5070 ei
2055 5025 2141 5071 con-

115 5139 279 5204 fflmam.
328 5106 377 5183 Et
391 5128 454 5198 ego
470 5095 563 5173 nihil
578 5091 783 5176 dissimulo,
804 5110 861 5157 me
880 5085 985 5156 bonis
1003 5087 1104 5178 inge·
1155 5095 1327 5179 stituatis,
1358 5093 1456 5164 utin
1479 5093 1591 5164 literis
1614 5118 1836 5185 perseverare
1855 5097 1976 5187 possit.
2025 5098 2142 5189 Scitis,

118 5283 347 5318 f
1156 5193 1219 5266 bas
1243 5195 1481 5290 eleemosynas
1503 5192 1581 5267 Deo
1604 5197 1761 5289 placere,
1802 5209 1837 5268 et
1865 5220 1988 5290 spero,
2024 5202 2141 5293 ipsum

77 5336 85 5343 -
148 5386 179 5445 8)
196 5379 366 5446 surgerem.

149 5473 179 5538 4)
195 5463 279 5528 Soeg.
290 5461 350 5507 toto
364 5446 444 5500 osme-¹
638 5515 646 5529 ,
1627 5472 1630 5477 .

150 5551 183 5623 2)
199 5544 288 5615 Helo,
302 5533 406 5591 Frieiue
419 5519 577 5583 moneeltue·
612 5513 677 5570 Vttl·
687 5528 730 5585 tp-
741 5510 770 5568 d.
781 5508 826 5566 Ἀ
836 5508 910 5581 Aug·
1191 5507 1220 5581 ¹⁸)
1238 5506 1339 5570 iacebo
1352 5504 1511 5566 Probatu-

1350 5575 1456 5671 11⁶,
