4868 6420
189 316 267 396 oss
772 315 1204 396 urrsronanou
1255 315 1458 390 L1n1x.
1512 270 1670 392 1545.
2058 427 2064 437 ..
2161 335 2236 410 aaa

294 478 364 563 Sed
380 488 447 562 hac
464 494 509 562 de
529 517 567 563 re
587 517 684 565 nunc
700 494 940 564 controversia
965 506 1036 577 est,
1061 492 1191 586 quibus
1243 490 1282 558 in
1300 490 1445 560 familiis
1461 492 1682 585 equestribus
1704 487 1889 571 honestiss.
1912 499 2097 592 reliquisse
2118 514 2234 603 ampla

192 595 356 690 personis
370 597 637 665 concedendum
659 597 707 667 sit
725 596 955 687 coniugium?
980 594 1081 668 Sitne
1104 618 1190 664 con·
1242 593 1436 664 sacerdotia
1452 594 1683 690 collegiorum
1697 620 1935 684 summorum,
1961 601 2140 694 impumm
2156 637 2235 685 coe.

193 697 393 771 cedendum
416 699 631 793 presbyteris
653 712 688 769 et
703 700 776 768 illis
796 699 976 791 personis,
1003 714 1092 792 quae
1113 698 1191 766 suc·
1240 695 1392 779 libatum
1407 696 1591 786 fugientes.
1641 693 1690 768 Et
1706 698 1797 770 fiunt
1811 701 1942 771 similia
1958 728 1978 772 a
1993 708 2114 778 multis
2131 738 2232 803 prae.

192 816 281 874 runt
303 800 476 891 obligatae
499 801 592 871 votis
614 800 842 871 monasticis?
867 801 937 871 Hic
953 800 1105 870 dicimus
1127 822 1191 868 ne·
1241 797 1416 869 stantibus
1440 798 1592 888 ingeniis
1616 799 1654 867 in
1677 801 1798 892 plebe,
1824 827 1915 897 quae
1929 830 2071 896 ‘magno
2095 817 2176 884 usui
2199 834 2232 891 et

195 904 382 976 cessariam
397 926 470 972 esse
486 918 621 995 partem
636 904 916 990 reformationis,
941 904 1065 973 tollere
1081 901 1188 992 impia
1240 915 1450 971 ornamento
1466 897 1644 971 Ecclesiae
1661 926 1735 971 esse
1750 919 1923 995 poterant.
1956 908 2139 985 Postremo
2156 924 2232 990 val·
2283 943 2285 947 ·

193 1007 357 1090 vincula,
382 1029 474 1098 quae
499 1001 692 1096 prohibent
713 1006 930 1096 coniugium.
982 1002 1190 1076 Conceden-
1241 998 1284 1072 de
1300 1004 1494 1073 dolendum
1511 1017 1581 1089 est,
1603 1027 1759 1075 summos
1774 1006 2025 1096 gubernatores
2042 1018 2148 1088 malle
2166 1018 2231 1094 ha-

194 1111 281 1179 dum
306 1121 356 1178 est
384 1107 589 1196 coniugium
611 1108 826 1203 preshyteris
847 1122 882 1180 et
901 1108 1075 1201 personis,
1100 1091 1189 1199 quie
1240 1106 1323 1175 here
1341 1129 1468 1196 magna
1485 1107 1625 1194 agmina
1638 1107 1813 1178 coelibum
1827 1114 2060 1201 sacerdotum,
2086 1119 2230 1213 levium,

194 1213 341 1281 fuerunt
356 1209 529 1299 obligatae
546 1211 641 1279 votis
654 1210 873 1293 monasticis,
899 1225 933 1281 et
947 1210 1122 1281 abolenda
1139 1220 1191 1277 est
1240 1207 1486 1302 indoctorum,
1524 1208 1745 1298 pollutorum
1775 1212 1883 1281 variis
1911 1214 2092 1293 libidinib.
2120 1250 2228 1317 qnam

195 1307 394 1407 prohibitio
414 1312 584 1402 coniugii,
609 1337 699 1408 quae
717 1327 751 1384 et
766 1337 885 1383 caussa
902 1313 971 1383 fuit
988 1310 1205 1402 ingentium„
1240 1312 1437 1380 sacerdotes
1460 1310 1605 1378 maritos
1621 1306 1806 1399 honestos,
1830 1311 1948 1386 Deum
1969 1318 2147 1411 timentes,
2171 1353 2230 1400 ca-

195 1427 433 1508 peccatorum,
447 1415 912 1486 etinnumerabilesanimas
928 1416 964 1484 in
974 1411 1190 1506 Epicuraeos
1240 1425 1323 1497 stos,
1346 1413 1440 1483 bona
1456 1412 1669 1483 conscicntia
1684 1411 1800 1485 Deum
1816 1416 2039 1507 invocantes,
2062 1431 2230 1508 eruditos.

193 1518 353 1601 furores,
386 1516 426 1584 in
449 1518 731 1607 desperationem
768 1531 803 1588 et
832 1530 1013 1588 aeternum
1044 1515 1190 1586 exitium
1343 1512 1444 1603 Quae
1460 1538 1543 1585 vero
1559 1529 1737 1608 praeterea
1755 1523 1950 1592 necessaria
1971 1538 2055 1595 sunt
2079 1532 2123 1599 ad
2144 1535 2231 1603 reti-

196 1619 359 1712 impulit,
391 1618 482 1688 sicut
507 1615 640 1689 Paulus
666 1615 758 1690 hanc
786 1616 1065 1712 prohibitionem
1089 1613 1191 1687 vocat
1240 1618 1395 1686 nendam
1413 1616 1571 1706 coniugii
1591 1612 1830 1702 honestatem,
1857 1629 2150 1702 commendentur
2173 1636 2230 1704 iu-

195 1722 396 1793 doctrinam
412 1721 695 1795 daemoniorum.
746 1721 839 1792 Sunt
854 1723 893 1792 in
915 1736 1105 1813 conspectu
1124 1720 1191 1788 fla·
1241 1719 1342 1789 diciis
1357 1715 1628 1800 Ecclesiasticis,
1654 1720 1718 1790 ubi
1741 1722 1803 1792 illa
1825 1737 1916 1794 recte
1932 1729 2119 1802 constituta
2137 1752 2230 1820 sunt,

195 1824 283 1916 gitia
297 1837 333 1894 et
340 1823 469 1893 damna
482 1823 599 1893 abilla
613 1820 857 1915 prohibitione
872 1838 960 1910 orta,
978 1839 1073 1894 totus
1087 1825 1191 1893 luxus
1241 1835 1274 1892 et
1289 1835 1381 1891 recte
1397 1821 1668 1896 constituentur.
1810 1824 1812 1830 '

196 1927 437 2010 sacerdotum,
461 1947 567 2015 vagae
597 1926 783 2012 libidines,
808 1923 1006 2018 Epicuraea
1032 1925 1191 2017 profani·
1339 1921 1519 1993 Hactenus
1535 1924 1669 1993 dictum
1686 1939 1737 1994 est
1752 1927 1796 1995 de
1811 1928 1971 1999 doctrina
1988 1926 2176 2023 Ecclesiae,
2199 1955 2233 2012 et

195 2043 270 2113 tas,
292 2027 573 2119 desperationes,
599 2042 781 2099 aeternum
811 2030 957 2100 exitium
979 2029 1191 2106 animarum,
1242 2027 1286 2094 de
1301 2020 1558 2110 sacramentis,
1584 2049 1671 2119 quas
1684 2050 1740 2096 res
1755 2027 1910 2118 primum
1928 2046 1962 2102 et
1985 2039 2171 2129 praecipue
2195 2043 2233 2112 in

140 2191 154 2196 -
195 2131 360 2224 publicae
375 2152 520 2220 poenae,
541 2155 631 2224 quae
648 2130 818 2200 libidines
832 2132 1062 2201 comitantur:
1090 2127 1191 2218 Quo·
1240 2123 1417 2196 Ecclesiae
1434 2128 1690 2216 garbernatiouc
1707 2129 1914 2200 constitutas
1928 2157 2020 2222 esse,
2045 2147 2232 2233 propagari

196 2257 279 2304 rum
300 2232 476 2302 malorum
496 2256 620 2302 omnes
644 2233 696 2302 rei
715 2246 817 2319 sunt,
843 2234 906 2327 qui
923 2234 1028 2303 initio
1051 2245 1192 2302 autores
1242 2240 1277 2298 et
1302 2230 1503 2299 conservari
1530 2243 1679 2321 oportet.
1738 2228 1899 2326 Cumque
1922 2237 2016 2306 nulli
2042 2258 2252 2330 creaturae,··

198 2336 318 2426 legum
333 2336 377 2404 de
394 2334 587 2415 coelibatu,
613 2349 649 2405 et
669 2336 956 2428 comprobatores
968 2336 1132 2418 fuerunt,
1159 2346 1193 2402 et
1242 2331 1352 2401 nullis
1374 2332 1506 2420 angelis
1529 2346 1710 2401 aeternum
1740 2347 1773 2402 et
1802 2334 2024 2409 immutabile
2051 2345 2231 2417 decretum

199 2462 297 2509 nunc
318 2437 371 2507 rei
393 2450 476 2507 sunt
498 2437 737 2528 praesentium
761 2451 795 2507 et
811 2439 1014 2510 futurorum
1032 2449 1194 2529 peccato-
1243 2434 1437 2503 voluntatis
1461 2433 1623 2520 divinae,
1649 2458 1754 2527 quam
1780 2435 1820 2504 in
1840 2433 2038 2530 Evangelio
2062 2449 2236 2535 patefecit,

198 2565 300 2626 rum,
324 2539 388 2632 qui
403 2563 460 2609 eas
477 2537 569 2629 leges
588 2539 659 2608 iam
676 2553 836 2614 tuentur.
1039 2607 1045 2614 ,
1243 2559 1283 2605 ac
1295 2536 1334 2604 in
1351 2535 1512 2606 doctrina
1527 2549 1561 2606 et
1582 2537 1622 2605 in
1637 2535 1875 2609 Sacramentis
1890 2547 2075 2634 proposuit
2097 2566 2235 2622 mutare

300 2637 354 2712 Ac
368 2643 525 2734 profecto
540 2642 639 2714 triste
655 2643 894 2735 spectaculum
907 2654 970 2726 est,
996 2642 1093 2736 quod
1106 2635 1194 2709 haec
1242 2638 1365 2723 liceat,
1391 2661 1570 2708 servemus
1592 2639 1630 2707 id
1652 2662 1718 2707 nos
1743 2665 1885 2734 quoque
1910 2643 2098 2717 immotum
2119 2666 2154 2723 et
2178 2654 2235 2722 in.

200 2743 313 2836 impia
334 2744 389 2813 lex
411 2745 615 2815 defenditur
647 2745 847 2835 parricidiis
874 2745 1017 2836 piorum
1046 2756 1079 2813 et
1103 2744 1194 2812 bene
1244 2753 1461 2831 corruptum,
1480 2764 1546 2810 nec
1562 2736 1772 2810 exhumana
1789 2741 1960 2835 sapientia
1984 2748 2122 2842 aliquid
2149 2780 2236 2824 con-

186 2847 410 2918 'meritorum
442 2848 683 2930 sacerdotum,
713 2848 804 2935 sicut
835 2845 1015 2915 nominari
1047 2857 1195 2936 possunt
1244 2856 1296 2913 tra
1319 2839 1576 2931 Evangelium,
1601 2855 1662 2913 aut
1684 2843 1817 2915 incerta
1839 2861 1979 2937 praeter
1998 2844 2236 2944 Evangelium

200 2949 307 3019 multi
323 2943 476 3034 honesti,
493 2948 558 3039 pii,
580 2949 726 3018 etdocti
741 2950 947 3042 sacerdotes,
973 2947 1035 3041 qni
1051 2960 1196 3038 propter
1244 2957 1449 3017 statuamus.
1927 2947 1930 2951 ’
2153 3035 2159 3041 1

201 3052 428 3141 coniugium,
465 3074 540 3120 non
567 3065 712 3141 propter
737 3051 823 3119 alias
851 3073 991 3120 caussas
1019 3050 1195 3120 interfecti
1337 3043 1511 3115 Diabolus
1526 3046 1664 3137 primus
1680 3061 1783 3118 autor
1796 3049 2002 3138 tentationis
2016 3055 2055 3124 in
2071 3063 2235 3148 paradiso
2343 3045 2346 3053 ’

201 3167 296 3223 sunt.
347 3148 518 3224 Ostendit
537 3166 655 3223 autem
670 3166 704 3222 et
720 3148 806 3222 haec
826 3153 902 3244 ipsa
925 3153 1071 3222 saevitia
1093 3166 1196 3222 auto-
1245 3149 1292 3218 ita
1309 3149 1447 3239 decepit
1467 3147 1602 3238 primos
1621 3162 1780 3236 parentes
1788 3164 1940 3242 ,postea
1964 3151 2158 3231 horribiles
2178 3165 2237 3251 fn-

201 3280 277 3327 rem
294 3255 380 3346 legis
400 3257 444 3326 de
462 3254 638 3325 coelibatu
654 3254 838 3325 diabolum
856 3277 947 3340 esse,
974 3254 1134 3348 quicum
1151 3255 1197 3325 sit
1244 3273 1343 3321 rores
1370 3250 1530 3320 accendit
1557 3250 1596 3318 in
1616 3245 1799 3337 Ethnicis,
1825 3255 1962 3347 decepit
1981 3255 2178 3351 Israe'litas,
2204 3280 2237 3337 et

202 3352 400 3442 homicida,
426 3357 545 3428 munit
558 3370 593 3426 et
607 3357 765 3428 defendit
783 3357 952 3428 iniustam
970 3358 1083 3448 legem
1100 3370 1196 3427 tanta
1245 3353 1419 3446 populum
1436 3348 1613 3422 Ecclesiae
1628 3364 1708 3444 post
1722 3349 1932 3446 Apostolos,
1957 3374 1999 3430 ut
2015 3387 2095 3434 cnm
2113 3375 2237 3439 e'con-

203 3461 422 3531 crudelitate.
1246 3468 1368 3547 spectu
1397 3455 1585 3525 amovisset
1614 3456 1663 3524 eis
1693 3458 1841 3527 verbum
1871 3456 1958 3547 Dei,
1991 3476 2025 3534 et
2054 3468 2239 3542 offudisset

306 3560 499 3632 Germania
523 3557 631 3632 habet
662 3562 733 3629 iam
763 3561 916 3653 amplius
943 3586 1050 3654 quam
1078 3562 1197 3630 decem
1246 3558 1333 3627 alias
1347 3558 1623 3648 speculationes,
1644 3559 1754 3628 secuti
1771 3574 1855 3630 sunt
1874 3563 1965 3631 varii
1983 3589 2131 3644 errores.
2185 3572 2237 3644 lta

204 3664 320 3734 millia
341 3667 561 3735 sacerdotum
578 3665 808 3748 maritorum,
833 3664 896 3757 qui
914 3659 1048 3733 habent
1059 3677 1115 3734 tot
1130 3659 1198 3733 ho·
1246 3658 1493 3751 sapientissimi
1503 3654 1751 3744 Ethnicornm,
1766 3658 1943 3756 Aegyptii,
1967 3664 2148 3753 Chaldaei,
2170 3674 2238 3770 Sy-

204 3781 322 3836 nestas
344 3769 509 3858 coniuges
530 3780 565 3836 et
591 3767 705 3836 multo
727 3766 847 3857 plures
867 3766 1015 3837 liberos.
1065 3763 1108 3835 ln
1131 3761 1199 3836 hoc
1246 3762 1351 3847 riaci,
1376 3758 1520 3842 Graeci,
1545 3757 1720 3846 Romani,
1743 3765 1910 3856 audacter
1930 3767 2109 3845 finxerunt
2131 3776 2260 3864 idota.
2306 3814 2309 3821 ¹

204 3883 304 3939 tanto
324 3894 474 3939 numero
499 3869 604 3938 multi
625 3881 729 3952 sunt,
762 3868 825 3961 qui
841 3862 960 3939 Deum
978 3881 1071 3939 recte
1095 3868 1199 3938 invo-
1247 3864 1411 3936 eccultus
1427 3864 1707 3945 accommodatos
1722 3866 1765 3933 ad
1785 3890 1847 3936 sua
1863 3867 2023 3961 imperia,
2043 3876 2077 3946 et
2093 3872 2159 3948 hos
2174 3907 2240 3949 vo.

206 3986 305 4056 cant,
330 3986 424 4042 recte
445 3973 605 4042 serviunt
619 3971 659 4038 in
678 3970 896 4056 ministerio,
921 3985 1005 4041 sunt
1027 3971 1125 4041 electi
1153 3973 1198 4040 ad
1247 3968 1391 4038 luerunt
1407 3988 1553 4034 suorum
1571 3965 1802 4057 imperiorum
1818 3994 1946 4041 nervos
1960 3999 2043 4045 esse.

206 4090 386 4145 aeternam
410 4074 578 4159 salutem,
612 4088 646 4144 et
668 4063 829 4143 mansuri
851 4085 935 4142 sunt
957 4073 996 4142 in
1017 4086 1197 4145 aeternum
1347 4067 1407 4139 Sic
1425 4079 1500 4136 non'
1527 4068 1629 4137 ludat
1649 4064 1805 4139 Ecclesia
1827 4068 1913 4159 Del,
1937 4099 2012 4145 ¹¹0ss
2032 4093 2239 4175 attemperet
2305 4119 2313 4128 ·

207 4178 368 4247 membra
389 4172 534 4248 Christi.
585 4173 628 4245 ln
655 4176 741 4246 tales
763 4187 880 4245 autem
901 4176 1083 4247 saevitiam
1101 4201 1200 4246 exer·
1249 4170 1445 4241 doctrinam
1462 4184 1495 4239 et
1508 4169 1622 4238 cultus
1638 4172 1682 4239 ad
1696 4175 1980 4246 commoditatem
1996 4180 2240 4274 imperiorum,

209 4303 287 4350 cere
318 4293 381 4350 ant
414 4304 511 4349 arma
540 4278 730 4368 stringere,
768 4272 988 4348 horrendum
1020 4292 1199 4370 peccatum
1249 4274 1311 4343 sed
1333 4272 1481 4342 retineat
1503 4271 1691 4363 puritatem
1709 4275 1809 4343 verbi
1824 4272 1892 4346 Dei
1910 4294 1943 4349 et
1957 4307 2066 4352 unam
2089 4312 2240 4359 consen-

209 4393 311 4455 essctL
359 4380 497 4452 Deinde
513 4395 546 4451 et
562 4382 703 4472 publica
720 4376 897 4449 Ecclesiae
913 4382 1099 4450 necessitas
1114 4406 1201 4450 con·
1250 4377 1396 4446 tientem
1412 4386 1447 4444 et
1460 4387 1663 4463 perpetuam
1677 4377 1877 4448 doctrinam
1894 4383 2058 4455 traditam
2072 4412 2135 4479 per
2148 4389 2239 4462 Pro-

209 4484 399 4555 sideranda
418 4498 480 4557 cst.
505 4482 583 4553 Nisi
599 4483 694 4552 enim
710 4483 902 4572 abrogatur
916 4477 1036 4575 lex³⁰),
1051 4483 1202 4552 deerunt
1251 4472 1374 4570 phetas
1398 4490 1432 4547 et
1450 4470 1658 4566 Apostolos:
1685 4477 1774 4546 sicut
1793 4476 1910 4555 Galat.
1927 4484 1958 4555 1.
1982 4489 2239 4580 scriptumest:

207 4582 378 4658 Ecclesiis
395 4599 552 4677 pastores
569 4599 604 4655 et
616 4585 902 4669 concionatores,
926 4585 1009 4677 quia
1025 4608 1121 4654 nunc
1134 4579 1203 4655 ho-
1251 4575 1299 4649 Si
1318 4572 1476 4674 angelus
1498 4571 1579 4644 Dei
1598 4571 1641 4645 de
1664 4573 1761 4647 coelo
1782 4575 1897 4649 aliud
1907 4580 2158 4682 Evangelium
2175 4591 2242 4663 ‹to-

208 4689 325 4773 mines
346 4685 507 4774 honesti,
533 4688 697 4758 timentes
711 4684 846 4771 Deum,
872 4699 907 4756 et
927 4682 1202 4757 abhorrentesa
1254 4677 1362 4761 cebit,
1403 4687 1549 4775 praeter
1581 4672 1626 4746 id
1654 4675 1759 4775 quod
1789 4676 1914 4772 docui,
1946 4685 2148 4763 anathema
2181 4695 2242 4773 sit.

209 4792 424 4863 lihidinibus
449 4784 541 4860 banc
563 4790 675 4882 ipsam
698 4789 746 4859 ob
769 4811 925 4858 caussam
941 4784 1204 4859 Ecclesiasticus
1254 4779 1436 4854 Omnibus
1457 4775 1664 4850 h0ffll1¹lb¹¹⁵
1687 4786 1892 4856 mandalum
1915 4803 1984 4875 0⁵1,
2008 4807 2053 4863 ¹11¹
2068 4790 2160 4869 hanc
2180 4826 2241 4870 ve-

210 4897 342 4986 gradus
364 4907 483 4986 petere
505 4893 651 4976 nolunt,
676 4891 762 4985 quia
784 4891 1022 4971 conscientias
1037 4914 1116 4961 suas
1137 4887 1205 4962 hoc
1255 4909 1331 4956 ram
1356 4882 1553 4953 doctrinam
1583 4883 1726 4953 unicam
1750 4887 1792 4955 de
1814 4886 1890 4958 Deo
1914 4905 1948 4961 et
1968 4908 2146 4969 aeternam
2169 4904 2243 4971 clis-

210 4997 377 5077 vinculo,
405 5011 439 5066 et
456 4992 512 5064 his
526 4993 695 5087 peccatis,
722 5017 811 5086 quae
829 4994 941 5084 legem
966 4997 1009 5063 de
1032 4994 1205 5064 coelibatu
1256 5000 1348 5068 cant,
1372 4984 1607 5055 confiteantur
1622 4999 1655 5054 et
1671 5000 1849 5074 tueantur,
1863 4991 1952 5064 sicut
1966 5009 2129 5069 aeternus
2145 5005 2245 5094 pater

208 5113 420 5193 sequuntur,
445 5095 747 5167 onerarenolunt.
798 5093 901 5166 Sicut
916 5109 1052 5165 constat
1069 5097 1206 5190 aliquos
1256 5090 1384 5159 clamat
1405 5088 1449 5155 de
1470 5086 1562 5155 lilio:
1595 5083 1708 5156 Hunc
1727 5083 1864 5164 audite.
1915 5090 2002 5165 ltcm
2028 5098 2159 5172 Matth.
2186 5110 2244 5180 10.

210 5201 455 5271 nobilissimos
470 5198 672 5291 Principes,
697 5194 875 5284 Comites,
901 5212 936 5269 ct
956 5199 1088 5268 multos
1104 5212 1207 5268 natos
1256 5184 1336 5285 Qui
1347 5209 1402 5256 me
1418 5181 1646 5280 wlfildam
1662 5185 2029 5286 ⁶⁰7‘1mh0mf'11'51‘5,
2055 5198 2248 5296 ⁶⁰nfileb⁰r

1258 5301 1289 5361 et
1308 5314 1373 5386 ego
1390 5312 1468 5359 eum
1484 5311 1606 5360 coram
1619 5298 1726 5389 patre
1739 5317 1818 5362 meo
1833 5293 1984 5379 coelesti.
2010 5300 2114 5375 Nunc
2129 5312 2248 5402 scqui-

1126 5467 1136 5485 ἱ
1258 5408 1318 5465 tur
1340 5392 1443 5464 tertia
1459 5416 1541 5483 pars
1560 5394 1677 5486 operis
1694 5396 1738 5464 de
1761 5396 1958 5471 ministerio
1973 5401 2182 5497 Evangelii,
2209 5413 2248 5482 in

248 5531 297 5598 ⁸9)
315 5531 380 5583 Ρη.
398 5531 447 5582 tex
461 5531 497 5581 ae
511 5526 660 5580 coelibatu.
1052 5509 1054 5516 '
1260 5520 1328 5591 qua
1351 5509 1449 5589 parte
1465 5507 1498 5563 et
1513 5495 1557 5565 de
1572 5497 1733 5588 personis
1750 5522 1789 5569 ac
1805 5501 1849 5570 dc
1863 5496 2048 5597 Episcopis
2063 5510 2210 5587 dicetur,

211 5612 396 5679 utrumn.
410 5608 514 5673 Orrn.
541 5605 626 5670 Vos..
638 5604 681 5670 V.
