4882 6426
89 334 170 415 sss
425 441 427 446 Ι
670 335 1108 416 amsronsnuu
1156 339 1267 417 nm.
1295 338 1361 416 nr
1414 338 1547 414 1644.
2059 332 2136 414 sso

88 523 206 584 suum
220 505 249 580 l.
266 503 308 586 C.
323 532 389 581 oro
404 521 439 581 et
453 509 631 598 obtestor,
653 524 787 584 utnon
809 512 940 584 alienes
955 513 1089 583 volun·
1137 526 1172 585 et
1185 509 1387 608 prophetis,
1408 507 1498 584 haec
1511 511 1689 608 colloquia
1705 511 1797 585 facta
1812 533 1886 584 esse
1903 523 1966 583 aut
1980 532 2046 603 per
2068 531 2134 582 an-

89 625 180 688 tstes
193 611 396 684 vicinarum
417 613 619 701 civitatum,
644 626 706 685 aut
719 614 919 687 vicinorum
932 612 1084 688 Concin-
1137 616 1234 709 gelos
1251 629 1313 687 aut
1328 616 1448 710 aliqua
1463 608 1636 707 singulari
1653 615 1804 690 visione.
1860 612 1952 685 Nam
1968 612 2032 684 illa
2051 634 2134 684 ora·

88 728 271 790 natorum.
327 711 388 786 Aa
410 709 608 786 Brents‘um
637 718 773 805 scribo,
798 741 839 790 ac
865 740 948 803 oro,
971 731 1014 788 ut
1033 730 1089 788 te·
1139 719 1236 805 cula,
1262 742 1352 813 quae
1368 716 1531 790 solebant
1548 718 1606 789 edi
1616 719 1663 788 de
1674 717 1785 788 radiis
1800 716 1900 787 illius
1915 713 2026 802 lucis,
2042 736 2136 809 quae

89 840 172 891 cum
192 816 388 887 amicitiam
417 813 613 890 contrahat.
669 807 720 890 Et
739 843 803 891 vos
831 820 979 891 consilia
1001 842 1088 890 con·
1138 819 1330 912 effulgebat
1359 844 1378 890 e
1402 821 1574 914 pectorali
1597 819 1817 906 Sacerdotis,
1850 818 1993 889 videtur
2022 815 2133 888 luisse

88 921 184 993 ferre
199 919 365 1011 optarim.
414 918 470 992 De
483 917 804 994 concionatoribus
816 936 954 994 vestrae
975 921 1089 1006 urbis,
1136 947 1212 994 non
1227 937 1301 994 tam
1324 917 1553 1020 προφητικὴ,
1579 935 1622 995 ut
1638 923 1689 994 sic
1704 945 1843 1007 vocem,
1863 914 1932 991 boc
1953 932 2026 1006 est,
2051 916 2135 1012 qui·

90 1021 252 1119 quiante
267 1035 302 1093 te
316 1017 426 1117 ibi¹')
443 1024 659 1106 docuerunt,
686 1025 736 1097 sic
752 1025 888 1109 sentio,
912 1037 954 1095 ut
976 1044 1088 1117 equus
1137 1027 1205 1096 bus
1225 1024 1362 1119 aliquid
1384 1039 1576 1118 praeeunte
1592 1023 1662 1095 Dei
1675 1049 1762 1095 voce
1775 1023 1960 1095 iuberetur
1974 1033 2036 1092 aut
2050 1041 2135 1112 per·

90 1125 297 1197 allatrantes
322 1147 427 1196 canes
451 1127 619 1217 praeterit
638 1126 784 1213 tacitus,
822 1119 932 1222 sic¹⁴)
957 1136 991 1197 te
1012 1126 1088 1195 sine
1136 1127 1354 1213 mitteretur,
1387 1151 1512 1221 quam,
1540 1141 1582 1199 ut
1604 1127 1655 1198 sic
1670 1126 1805 1213 dicans,
1828 1116 2044 1220 ὖποφητικά
2071 1143 2134 1191 seu

90 1226 169 1300 nlla
185 1227 368 1296 mentione
385 1226 545 1313 illorum,
565 1229 642 1297 sine
656 1229 732 1300 ulla
748 1228 1004 1320 significatione
1016 1228 1089 1297 ira·
1137 1225 1430 1324 &papinianum
1447 1230 1670 1302 consulentes
1682 1241 1854 1324 tanquam
1866 1247 2035 1319 responsa
2048 1224 2135 1294 sub·

92 1327 263 1414 nundine,
287 1342 391 1401 tuum
406 1353 551 1399 cursum
564 1352 689 1422 urgere
703 1333 842 1403 debere.
892 1328 1017 1400 Vincit
1030 1352 1089 1398 re·
1138 1343 1382 1427 sequerentur.

91 1454 174 1502 rum
187 1430 340 1518 bonitas,
366 1455 446 1502 cum
462 1434 644 1503 moderate
661 1446 695 1504 ct
707 1431 864 1504 dilucide
876 1453 1089 1526 proponun-
1238 1431 1295 1504 De
1314 1425 1607 1526 santificatione
1627 1432 1712 1504 satis
1741 1443 1887 1526 apparet
1924 1453 1966 1499 er
1993 1424 2134 1522 Moyse,

92 1547 179 1619 tur,
205 1531 311 1603 etiarn
332 1532 409 1603 sine
431 1533 533 1604 rixis:
560 1536 658 1629 quod
679 1535 718 1606 in
734 1535 857 1606 multis
870 1534 1008 1625 magnis
1034 1555 1090 1602 re·
1138 1535 1247 1607 luisse
1263 1536 1368 1606 illum
1384 1535 1512 1621 ritum,
1537 1560 1609 1629 quo
1632 1536 1881 1606 sesecundum
1900 1533 2015 1621 legem
2030 1550 2135 1621 prae·

90 1635 161 1707 bus
179 1632 416 1705 animadverti
434 1634 528 1710 licet.
586 1635 690 1709 Hanc
705 1636 902 1708 Fabianam
915 1636 1090 1707 rationem
1139 1639 1315 1732 parabant
1336 1637 1566 1709 sacrificaturi
1589 1637 1739 1709 lavacris
1770 1649 1806 1708 et
1827 1631 2063 1716 abstinentia,
2094 1642 2135 1700 ut
2189 1639 2199 1681 ='

92 1731 258 1822 etmihi,
281 1751 316 1808 et
337 1737 426 1823 tibi,
455 1751 490 1808 et
503 1739 671 1808 omnibus
692 1740 799 1810 nobis
820 1741 1036 1833 sequendam
1057 1748 1093 1804 et
1140 1739 1269 1811 mundi
1291 1753 1423 1824 essent,
1454 1736 1523 1810 hoc
1547 1752 1617 1822 est,
1653 1752 1696 1811 ut
1712 1762 1778 1831 per
1798 1738 1909 1829 legem
1932 1735 2006 1804 illis
2022 1730 2134 1804 sacri-

91 1838 363 1909 custodiendam
379 1863 516 1913 censeo.
567 1839 677 1911 Multi
691 1841 812 1931 magni
824 1840 954 1926 morbi,
973 1836 1093 1932 inquit
1141 1841 1244 1912 ficare
1258 1842 1403 1927 liceret,
1427 1855 1489 1912 ant
1505 1856 1598 1912 certe
1614 1843 1721 1913 sacris
1737 1841 1915 1912 interesse.

95 1929 241 2026 Celsus,
253 1954 426 2012 curantur
440 1942 653 2013 abstinentia
670 1957 704 2014 et
720 1944 849 2038 quiete.
875 1941 963 2012 Vidi
978 1940 1091 2010 multa
1242 1941 1297 2013 De
1320 1940 1423 2012 malo
1436 1940 1572 2042 spiritu
1596 1968 1616 2014 a
1633 1942 1791 2014 Domino
1819 1939 2014 2031 exagitante
2034 1928 2136 2004 Sau-

94 2042 265 2134 cxempla.
315 2041 401 2113 ldco
418 2058 453 2116 te
478 2067 561 2128 oro,
587 2058 627 2115 ut
648 2046 869 2116 iracundiam
893 2046 1028 2123 frenes,
1058 2053 1091 2110 ct
1142 2039 1213 2114 lem
1231 2046 1390 2117 existimo
1407 2046 1667 2137 simplicissime
1690 2058 1863 2116 etverum
1885 2064 1958 2111 esse
1976 2033 2136 2124 intellegi
2184 2111 2190 2117 ,

22 2157 28 2164 “
93 2145 239 2215 lenitate
261 2156 322 2214 tua
342 2145 627 2217 benevolentiam
650 2142 936 2221 Ecclesiaealas.
991 2142 1093 2219 Bene
1142 2148 1185 2217 de
1203 2171 1339 2238 poena,
1373 2143 1442 2218 hoc
1463 2161 1534 2231 est,
1568 2146 1690 2218 aDeo
1714 2146 1886 2238 puniente
1909 2140 2017 2211 fuisse
2041 2132 2137 2208 hanc

93 2247 174 2317 vale
187 2259 222 2318 et
234 2246 400 2323 rescribe.
451 2246 528 2321 Cal.
545 2243 661 2338 April.
683 2244 850 2344 1544.¹⁵)
1141 2250 1363 2321 vexationem
1378 2248 1463 2319 mali
1476 2248 1643 2340 spiritus,
1667 2272 1733 2341 pro
1746 2258 1907 2338 peccato,
1940 2241 2023 2336 quia
2047 2239 2137 2329 ipse,

556 2345 747 2442 Philippus
766 2342 1040 2422 Melanchthon.
1141 2351 1268 2443 spiritu
1281 2353 1377 2421 bono
1385 2351 1485 2422 velut
1497 2364 1633 2422 rectore
1644 2349 1786 2442 repulso
1803 2361 1837 2418 et
1845 2351 2136 2429 excusso,rueret‚

1140 2453 1231 2523 sicut
1241 2477 1267 2523 a
1281 2452 1446 2525 Samuele
1464 2452 1618 2543 graviter
1632 2463 1832 2532 accusatur,
1857 2447 1954 2542 quod
1976 2441 2136 2537 proiece·
2258 2514 2261 2519 ,

1060 2577 1080 2585 ·
1141 2557 1189 2625 rit
1203 2578 1402 2649 sermonem
1425 2554 1575 2628 domini.
1624 2551 1729 2623 Hanc
1745 2550 1956 2621 sententiam
1980 2543 2136 2615 arbitror

650 2716 655 2727 ,
1140 2653 1234 2726 nihil
1250 2652 1380 2727 babere
1395 2655 1629 2741 incommodi,
1653 2677 1719 2723 nec
1741 2676 1815 2723 esse
1827 2647 1898 2721 huc
1916 2640 2135 2718 invehendas

92 2720 293 2847 Q·
832 2825 834 2829 ,
919 2724 1091 2844 Q
1141 2760 1275 2830 alienas
1296 2758 1552 2850 disputationes
1572 2757 1617 2826 de
1637 2777 1740 2825 cansa
1765 2753 1864 2825 mali.
1913 2748 1984 2821 Sed
2004 2746 2135 2818 talibus

408 2928 416 2947 ,
556 2896 560 2911 =
806 2928 815 2946 ‚
1140 2860 1426 2955 quaestionibus,
1452 2859 1483 2928 si
1503 2857 1666 2929 satislieri
1686 2855 1755 2927 tibi
1776 2855 1893 2939 voles,
1923 2851 1995 2923 alio
2021 2861 2056 2919 te
2076 2871 2135 2918 re-

291 2922 493 3039 Crnosger
516 2923 579 3010 nd
598 2923 899 3012 Mottbessum.
1140 2964 1289 3034 minam

164 3091 185 3153 Ἰι
201 3085 240 3140 Ε.
251 3086 408 3160 apographo
429 3088 717 3145 incontumaces.
736 3108 785 3145 no.
796 3089 840 3144 27.
853 3107 881 3162 p.
894 3087 964 3144 sss,
1240 3062 1366 3134 Habeo
1383 3062 1422 3131 in
1439 3061 1515 3132 istis
1528 3059 1656 3131 vestris
1673 3056 1848 3130 cuniculis
1856 3076 2028 3172 venarum
2042 3073 2134 3170 pau-

380 3224 445 3300 aa
468 3221 802 3306 nonesto
1139 3153 2135 3361 cananeaentnstnrnn

94 3338 178 3433 Pro
200 3361 355 3455 postillis
364 3355 403 3458 *)
420 3361 487 3433 tibi
504 3362 649 3444 missis,
666 3365 749 3458 quia
766 3364 843 3434 iure
859 3358 928 3434 hoc
947 3363 1014 3436 tibi
1027 3365 1088 3433 de-
1139 3394 1301 3462 magnam
1320 3364 1447 3442 habeo.
1476 3365 1575 3453 ’Tu,
1599 3367 1664 3460 qui
1677 3366 1742 3437 ista
1759 3361 1949 3436 domestice
1966 3373 2053 3432 nota
2067 3352 2133 3426 ha-
2179 3377 2184 3384 ·

92 3466 263 3552 bebatur,
285 3488 360 3535 non
381 3478 457 3536 erat
471 3489 560 3557 opus
582 3479 615 3535 te
632 3466 761 3555 gratias
782 3490 903 3556 agere,
929 3490 1089 3557 praeser-
1138 3473 1218 3557 bes,
1243 3471 1387 3542 docebis
1409 3495 1484 3556 me,
1509 3493 1617 3562 quarn
1638 3491 1749 3561 prope
1770 3491 1790 3537 a
1814 3463 1897 3556 polo
1920 3460 2049 3531 arctico
2071 3481 2133 3528 us·

90 3570 158 3642 tim
182 3592 264 3662 curn
287 3567 399 3637 serius
423 3567 528 3637 etiam
555 3568 679 3637 missae
699 3569 772 3638 sint
793 3593 900 3660 quam
918 3569 1088 3658 oportuit.
1139 3599 1208 3667 que
1230 3575 1275 3644 ad
1297 3573 1420 3665 polum
1442 3571 1675 3641 antarcticum
1693 3568 1848 3661 perfossa
1874 3566 1919 3634 sit
1933 3585 2042 3646 vena,
2075 3559 2133 3630 cui

93 3668 167 3743 Sed
187 3665 280 3739 mihi
303 3682 398 3760 grata
422 3681 475 3739 est
495 3669 704 3758 significatio
721 3669 990 3740 benevolentiae
1007 3694 1086 3762 erga
1137 3678 1220 3747 fecit
1235 3698 1368 3745 nomen
1382 3673 1501 3743 nescio
1515 3671 1595 3767 quis
1609 3665 1819 3760 Astrologus
1842 3679 1904 3738 aut
1918 3662 2130 3745 Palinurus3

92 3788 275 3857 metuas,
308 3786 344 3843 et
364 3772 425 3841 aba
448 3782 482 3840 te
506 3786 608 3862 peto,
632 3786 673 3842 ut
696 3772 762 3843 tibi
782 3774 1008 3863 persuadeas,
1028 3797 1087 3842 me
1138 3792 1265 3848 vocant
1287 3776 1383 3846 enim
1406 3773 1541 3846 Rosam
1566 3797 1727 3858 auream,
1751 3795 1857 3866 quam
1881 3766 2010 3837 vellem
2030 3763 2132 3856 prius

93 3898 237 3970 quoque
259 3874 412 3945 retinere
434 3876 586 3942 eundem
606 3874 765 3943 animum
787 3897 867 3964 erga
887 3887 941 3959 te,
980 3899 1085 3968 quem
1137 3895 1338 3971 argenteam
1357 3877 1446 3951 lieri.
1495 3873 1550 3947 Dc
1574 3871 1631 3946 his
1655 3875 1743 3970 quid
1767 3897 1825 3943 me
1846 3890 1987 3963 sperare
2008 3865 2132 3938 iubeas

95 3976 215 4047 iudico
231 3976 378 4066 dignum
396 3997 468 4044 esse
484 3999 603 4045 amore
619 3989 653 4047 et
667 3976 784 4046 studio
800 3977 997 4062 bonorum,
1021 4000 1087 4046 nec
1137 3983 1226 4054 scire
1241 3980 1361 4057 velim.
1410 3976 1508 4050 Bene
1525 3979 1614 4051 vale.

94 4080 317 4150 voluntatem
340 4077 408 4149 tibi
430 4076 651 4166 gratificandi
667 4073 759 4147 mihi
780 4080 916 4163 deesse,
951 4079 1087 4148 etiarnsi
1441 4063 1443 4072 ⁸
1707 4073 1883 4171 Casparus
1902 4068 2081 4159 Cruciger.

94 4179 250 4253 calamus
268 4192 304 4250 et
317 4203 443 4249 manus
455 4203 530 4249 non
545 4202 682 4271 semper
697 4193 748 4250 cst
764 4181 847 4249 satis
868 4179 1036 4253 officiosa.

196 4281 252 4353 De
272 4282 558 4375 quaestionibus,
584 4305 671 4375 quas
688 4282 859 4374 proponis
882 4305 957 4350 non
977 4277 1086 4351 habes
1136 4323 1367 4334 -—---

95 4408 188 4477 opus
205 4408 263 4455 me
278 4386 440 4468 doctore,
463 4383 599 4464 stacia,
625 4407 681 4451 me
697 4384 737 4451 in
752 4379 819 4454 hoc
835 4406 962 4473 genere
977 4383 1086 4459 mini-

93 4510 155 4557 me
170 4487 348 4558 curiosnm
363 4507 448 4570 essa,
474 4508 536 4554 seu
550 4496 592 4554 ut
606 4484 723 4555 verius
739 4483 871 4568 dicam,
893 4506 967 4554 non
983 4507 1088 4576 pror·
1136 4469 1330 4596 Q·
1961 4465 2127 4586 Q

95 4612 158 4660 sus
171 4591 304 4681 absque
317 4588 409 4657 vicio
432 4587 670 4676 negligentem
690 4610 775 4657 esse.
824 4584 879 4656 De
905 4582 1088 4683 colloquio

42 4756 45 4760 .
96 4686 177 4761 Dss‘
190 4716 270 4762 cum
284 4689 450 4762 Samuele
463 4687 643 4774 existimo,
673 4702 715 4760 ut
736 4712 816 4760 cum
837 4688 916 4759 aliis
927 4690 1089 4780 patribus
1471 4665 1516 4754 V
1514 4729 1524 4750 .
1560 4664 1798 4751 lbeodoro.

1209 4828 1296 4899 Epist.
1318 4825 1364 4881 lib.
1378 4827 1427 4882 lV.
1443 4845 1471 4897 p.
1494 4827 1545 4879 190
1562 4845 1602 4898 sq.
1626 4855 1662 4868 -
1712 4823 1766 4881 tlte
1784 4844 1814 4880 ex
1835 4823 2002 4896 autographo
2021 4823 2049 4877 in
2071 4823 2132 4879 cod.

1242 4900 1354 4952 Monac.
1368 4897 1388 4951 l.
1401 4914 1428 4968 p.
1442 4893 1503 4949 587.

88 4876 319 4893 -σ-

133 5002 178 5152 ib
196 5002 348 5141 wibba
363 5000 429 5055 Pes.
511 5082 516 5092 '
1139 5055 1194 5130 D.
1221 5052 1268 5135 V
1272 5055 1335 5128 ito
1360 5048 1625 5135 Theodoro,
1653 5049 1796 5124 docenti
1814 5048 1965 5148 Evang.
1991 5051 2031 5121 in
2053 5047 2133 5122 Ec·

133 5175 178 5242 15)
197 5177 307 5228 Annum
322 5191 378 5226 non
391 5173 472 5226 habet
485 5171 548 5227 Pes.
1491 5153 1571 5227 cles·
1593 5150 1791 5248 Noriblrg.

134 5257 267 5329 *tilam
283 5257 431 5310 dsstsieesss
456 5258 520 5337 „tte
539 5251 762 5336 nsogngsttdttsts
780 5252 984 5335 disdennsttttte
1003 5253 1090 5307 wast.
1141 5271 1173 5362 S
1213 5290 1247 5362 D
1278 5239 1280 5242 ¹
1308 5285 1340 5362 Ε
1375 5292 1385 5309 .
1734 5287 1743 5304 .
1847 5286 1857 5303 .

168 5328 307 5397 tnttsd,”
332 5344 413 5394 quam
435 5325 567 5391 Crucrger
586 5325 670 5376 edsdst
693 5340 766 5374 anno
783 5322 858 5377 1543.
904 5322 1092 5391 Quumprae-
1177 5339 1188 5360 ι
1248 5339 1258 5360 ο
1344 5306 1395 5362 [Sl⁴
1413 5291 1512 5360 nulla
1535 5301 1647 5360 delate
1673 5310 1825 5357 marones
1846 5310 1884 5354 sn
1907 5281 2053 5378 Europa
2075 5301 2134 5358 tu·

168 5395 235 5450 latio
254 5394 396 5513 Crucipgeri
420 5394 479 5446 data
503 5392 550 5444 sit:
568 5391 612 5443 die
631 5390 714 5444 nativ.
729 5389 827 5445 Christi
843 5391 918 5444 1544.
934 5391 952 5444 i.
966 5408 989 5444 r.
1007 5387 1089 5471 laid„
1142 5396 1277 5466 mustus
1296 5408 1329 5465 et
1354 5392 1623 5484 periculosiores
1643 5390 1808 5473 fuerunt,
1827 5412 1933 5481 quam
1961 5383 2028 5457 hoc
2052 5388 2134 5478 ipso

168 5465 330 5536 intelligitur
355 5455 579 5516 ibrum'exeunse
598 5479 669 5512 anno
690 5460 831 5529 prodiisse.
865 5459 971 5529 Scripta
985 5469 1024 5513 est
1037 5476 1091 5529 tgr·
1332 5496 1341 5512 .
1616 5492 1625 5510 .
1913 5491 1921 5507 .

168 5543 213 5588 tur
224 5533 291 5589 baec
302 5533 378 5605 epist.
393 5550 407 5585 a
436 5527 512 5588 1544.
528 5528 585 5583 lere
597 5545 689 5583 mense
701 5527 804 5583 Martio
818 5527 862 5586 vel
875 5528 974 5600 Aprili.
1142 5520 1237 5567 anno
1255 5511 1344 5569 mnu
1357 5509 1458 5581 sunl,
1481 5507 1601 5565 lamen
1614 5517 1653 5561 ln
1668 5506 1765 5563 tanta
1784 5491 1993 5561 confuslone
2013 5511 2133 5559 rerum
