4868 6420
71 349 147 423 829

70 519 283 594 christianae
303 535 461 608 nostrae,
487 547 568 592 cum
591 518 651 593 hic
675 536 781 608 esset,
814 523 1065 608 coniunxisset,

69 648 110 694 ac
129 620 302 715 paschatis
325 639 483 714 tempore
504 628 547 693 ad
563 627 679 695 vicina
693 627 904 694 monasteria
920 649 1063 694 sumen-

68 727 134 796 dae
156 722 386 795 eucharistiae
409 751 511 795 causa
535 752 615 795 cum
638 751 766 816 magno
787 728 949 796 omnium
962 752 1064 796 scau-

67 828 151 896 dalo
171 828 392 914 emigrasset,
410 851 475 896 nec
492 829 531 896 in
547 830 710 897 extremis
728 829 917 921 quicquam
935 830 980 897 de
995 830 1063 896 im-

65 928 195 1019 pietate
217 944 390 1012 mutaret,
416 930 524 999 frenus
555 928 782 1024 magnifice⁵)
813 956 832 998 a
862 943 964 1018 gente
988 931 1063 999 eius

67 1053 129 1099 seu
145 1029 280 1097 samilia
297 1043 502 1122 apparatum
522 1046 591 1115 est;
606 1035 666 1100 sed
682 1045 823 1100 senatus
839 1032 930 1100 serio
944 1032 1063 1125 edixit,

65 1145 106 1201 ut
122 1130 198 1199 sine
218 1156 345 1222 pompa
363 1133 481 1218 omni,
502 1133 579 1202 sine
600 1128 836 1218 scholasticis,
860 1134 936 1201 sine
954 1133 1063 1201 mini-

67 1234 167 1318 stris,
191 1233 268 1301 sine
291 1234 465 1317 candelis,
491 1257 580 1326 quae
603 1249 684 1303 ante
710 1238 812 1303 aedes
835 1235 949 1304 solent
963 1236 1062 1324 poni,

66 1348 149 1404 aute
173 1334 365 1424 prandium
387 1336 590 1419 efferretur,
618 1349 679 1404 aut
705 1337 886 1420 futurum,
920 1349 960 1405 ut
982 1361 1061 1404 curu

66 1435 263 1526 ignominia
278 1449 372 1505 extra
391 1436 584 1507 coemiterii
601 1437 751 1528 parietes
765 1439 964 1528 sepeliatur.
990 1436 1062 1505 Nec

65 1537 172 1607 veriti
186 1549 270 1606 suut
286 1539 377 1626 regis
393 1539 647 1628 praesentiam,
672 1535 734 1630 qui
757 1552 790 1607 et
804 1552 908 1608 norat
930 1562 1060 1618 senem,

65 1653 102 1709 et
130 1639 368 1708 iuramentum
399 1640 443 1707 ab
466 1664 506 1707 eo
530 1653 612 1709 ante
641 1640 854 1726 triennium,
890 1666 971 1710 cum
998 1664 1061 1730 pe-

65 1743 129 1809 des
154 1741 304 1825 lavaret,
329 1755 524 1832 acceperat,
557 1766 603 1810 ue
626 1742 821 1812 discederet
842 1767 861 1812 a
886 1743 1059 1831 religione

64 1866 187 1933 papae.

165 1941 356 2034 Postquam
382 1943 490 2032 igitur
514 1944 700 2013 idolatriae
721 1958 891 2036 patronus
906 1945 1059 2033 ignomi-

652 346 1090 468 uersrouattuu
1140 349 1251 430 mn.
1282 351 1348 442 ua
1401 314 1572 431 1⁵4ss

2037 312 2117 425 aso·
2159 339 2162 345 ’

1116 523 1247 615 quibus
1262 537 1298 594 et
1313 526 1357 594 de
1371 523 1508 593 incuria
1526 520 1759 617 typographi,
1784 535 1818 593 et
1833 524 1878 592 de
1899 521 2033 594 iactura
2047 536 2108 595 tua

1114 626 1381 710 continebatur,
1404 626 1658 696 intelleximus:
1684 650 1748 695 nec
1764 625 1888 694 leviter
1903 627 1947 694 de
1962 626 2030 696 isto
2045 641 2109 698 tuo

1114 726 1226 810 malo,
1260 729 1449 817 tangimur.
1507 725 1762 799 Existimamus
1792 741 1911 797 autem
1939 751 2016 796 non
2049 728 2108 796 in-

1114 830 1336 896 commodam
1358 853 1431 897 esse
1452 830 1626 898 rationem
1643 829 1854 898 sublevandi
1872 829 1994 896 damni
2012 828 2043 897 si
2061 832 2107 898 ad

1113 942 1307 1018 suspectam
1332 930 1429 999 illam
1454 931 1652 999 cautionem
1678 933 1721 999 de
1738 929 1941 999 visitatione
1957 928 2107 1010 Mariae,

1113 1043 1172 1098 tua
1202 1055 1311 1099 manu
1341 1032 1487 1101 lectores
1517 1045 1654 1101 tantum
1680 1034 1975 1115 admouerentur,
2010 1034 2107 1123 quod

1113 1131 1174 1198 illa
1195 1146 1228 1200 te
1251 1133 1369 1201 nescio
1391 1157 1411 1200 a
1437 1125 1728 1224 typographo'sit
1747 1134 1894 1201 inserta:
1920 1133 2000 1200 ideo
2014 1133 2107 1203 libe-

1112 1256 1192 1300 rum
1216 1233 1288 1300 illis
1311 1236 1354 1301 de
1378 1234 1528 1302 lectione
1549 1235 1651 1303 istius
1666 1230 1790 1328 hymni
1806 1232 1978 1302 iudicium
1994 1234 2106 1302 relin-

1112 1333 1185 1425 qui.
1237 1333 1296 1403 Sic
1319 1335 1414 1402 enim
1437 1337 1511 1403 fore
1533 1357 1731 1425 speramus,
1756 1349 1796 1405 ut
1811 1337 1907 1428 quod
1922 1334 2106 1404 residuum

1113 1447 1164 1504 est
1186 1436 1455 1530 exemplarium,
1491 1436 1628 1506 sacilius
1653 1440 1869 1508 extrudatur.
1928 1434 2036 1524 Quod
2059 1438 2105 1505 ad

1113 1559 1177 1604 nos
1201 1537 1345 1622 attinet,
1371 1561 1558 1628 possumus
1580 1540 1672 1607 ferre
1690 1552 1730 1608 ut
1749 1536 1876 1627 viginti
1893 1537 2106 1627 exemplaria

1111 1661 1174 1728 per
1189 1639 1407 1708 occasionem
1425 1641 1470 1707 ad
1495 1662 1560 1708 uos
1578 1641 1776 1713 mittantur.
1814 1637 2023 1729 Recipimus
2038 1661 2105 1707 nos

1111 1763 1254 1830 operam
1276 1742 1440 1824 daturos,
1472 1755 1639 1833 utquam
1669 1743 1853 1810 commode
1874 1753 2043 1831 poterunt
2065 1741 2104 1807 in
2150 1750 2151 1754 ’

1111 1854 1230 1910 nostra
1266 1843 1419 1911 dioecesi
1451 1838 1634 1932 parrochis
1665 1843 1807 1910 vendita
1841 1842 2107 1931 dispertiantur.
2168 1835 2171 1839 ¹

1110 1941 1195 2012 Fuit
1209 1958 1389 2035 praeterea
1404 1947 1497 2034 apud
1517 1968 1583 2013 nos
1598 1943 1732 2013 Ductor
1747 1939 1944 2013 Martinus
1959 1934 2106 2010 Lulhe-

63 2044 164 2113 niose
187 2045 344 2135 sepultus
366 2059 436 2130 est,
468 2046 628 2115 redditus
662 2060 714 2116 est
742 2049 873 2116 nostris
903 2047 1059 2116 ecclesiis
1111 2067 1192 2125 rus,
1219 2070 1330 2138 aquo
1355 2069 1452 2115 sacro
1472 2046 1708 2114 ordinationis
1723 2045 1890 2139 mysterio
1908 2067 1971 2133 per
1986 2044 2104 2133 impo-

63 2146 204 2237 pietatis
227 2159 421 2235 patronus,
445 2144 709 2240 Hieronymus.
761 2147 869 2237 Quod
892 2151 937 2217 ad
959 2150 1058 2218 vale-
1110 2146 1272 2215 sitionem
1292 2171 1461 2216 manuum
1477 2147 1609 2216 initiati
1624 2169 1758 2218 sumus.
1795 2139 2105 2216 lsfecittuaehu-

62 2247 225 2318 tudinem
245 2247 389 2332 attinet,
414 2248 484 2317 nisi
507 2249 613 2318 facies
630 2251 785 2319 colorata
807 2274 849 2332 ex
870 2249 1058 2320 itineribus
1109 2249 1289 2318 manicatis
1306 2244 1538 2317 honorificam
1556 2249 1784 2318 mentionem.
1836 2245 1931 2316 lllud
1945 2258 1985 2315 ut
1999 2245 2102 2314 nobis

62 2362 173 2432 esset,
200 2372 274 2417 non
301 2350 451 2418 multum
480 2363 637 2420 mutatus
657 2352 702 2419 ab
726 2374 766 2419 eo
789 2365 857 2436 est,
890 2353 952 2443 qui
978 2352 1057 2423 fuit.
1108 2350 1260 2439 placuit,
1287 2350 1333 2418 ita
1352 2351 1561 2440 pollicemur
1578 2349 1621 2423 T.
1637 2347 1683 2420 H.
1707 2373 1780 2418 non
1795 2348 1912 2418 solum
1928 2342 2015 2431 hoc,
2041 2348 2104 2415 sed

61 2448 344 2540 Corpustameu
368 2464 589 2520 attenuatum
615 2447 784 2520 nonnihil
808 2466 876 2537 est,
905 2465 941 2520 et
962 2477 1056 2520 novo
1109 2450 1213 2519 etiam
1229 2452 1298 2519 alio
1314 2452 1420 2519 officii
1438 2475 1564 2541 genere
1581 2452 1770 2539 benignam
1784 2465 1818 2519 et
1832 2449 2023 2539 gratiosam
2036 2474 2103 2517 vo·

60 2553 178 2642 coepit
200 2552 359 2621 infestari
384 2554 508 2622 morbo
537 2554 577 2621 iu
608 2556 697 2644 pede
720 2551 842 2648 (quem
872 2578 1056 2646 nunquam
1108 2553 1291 2625 luntatem.
1359 2551 1507 2621 luterim
1532 2555 1822 2621 commendamus
1844 2565 1966 2621 nostra
1990 2572 2103 2638 nego-

60 2649 195 2747 seusit)
219 2649 451 2746 Erysipelate.
512 2653 581 2724 Sed
605 2669 746 2723 curatus
769 2656 884 2724 facilis
916 2669 983 2738 est,
1016 2679 1055 2723 ac
1108 2653 1179 2737 cia,
1206 2678 1295 2745 quae
1324 2679 1389 2744 pro
1405 2651 1583 2722 Ecclesiae
1611 2654 1855 2723 incolumitate
1874 2652 2103 2741 suscepimus,

58 2768 102 2824 ut
123 2767 209 2846 puto
233 2751 420 2842 hilariores
445 2755 557 2824 animi
578 2770 695 2826 motus
715 2753 786 2852 (est
807 2757 901 2824 enim
924 2754 1056 2851 alacer)
1106 2755 1231 2822 vestris
1247 2755 1315 2844 piis
1331 2755 1506 2845 precibus.
1557 2752 1654 2823 Bene
1671 2757 1786 2824 valeat
1811 2768 1871 2825 tua
1888 2748 2104 2825 humanius.

58 2856 210 2925 afferent
226 2856 439 2925 levationem
455 2851 712 2926 melancholico
729 2858 835 2927 malo.

164 2956 217 3025 Te
242 2981 324 3038 oro,
350 2959 400 3025 mi
419 2953 603 3049 Philippe‚
630 2958 659 3026 si
678 2962 800 3027 advos
822 2958 1054 3048 expatiabere,

58 3060 106 3128 ad
122 3081 178 3126 me
193 3070 233 3126 ut
249 3059 412 3131 divertas.
463 3056 586 3153 Equos
610 3055 819 3128 habebimus
841 3059 975 3148 optimo
998 3058 1054 3127 lo-

42 3184 119 3245 co,
150 3173 185 3229 et
207 3173 246 3229 tu
270 3162 365 3250 apud
390 3183 446 3228 me
474 3185 633 3253 quoque,
666 3176 706 3231 ut
729 3185 848 3248 spero,
870 3161 1054 3229 commode

59 3262 139 3333 eris.
190 3259 287 3330 Bene
303 3261 340 3328 iu
356 3261 502 3331 domino
520 3263 616 3347 vale,
631 3277 664 3331 et
678 3259 722 3335 D.
731 3254 911 3340 Luthero,
926 3262 970 3335 D.
979 3254 1053 3330 Po-

58 3385 229 3443 marono,
256 3362 301 3435 D.
318 3351 534 3455 Crucigero,
555 3360 600 3432 D.
616 3359 767 3432 Maiori
787 3365 936 3432 salutern
956 3364 1052 3432 dicas

57 3488 139 3533 meo
163 3464 308 3532 nomine
327 3478 541 3539 reverenter.
594 3463 675 3535 Scio
698 3466 813 3550 enim,
839 3467 936 3557 qnod
957 3459 1053 3550 haec,

57 3589 149 3659 quae
165 3565 375 3654 significavi,
395 3561 477 3635 cum
492 3559 585 3658 eis⁰)
602 3566 891 3640 communicabis.
940 3563 1053 3650 Datae

56 3666 276 3754 Noribergae
296 3664 331 3740 5.
354 3669 413 3736 die
434 3663 586 3756 Augusti
609 3691 704 3736 auno
733 3664 842 3742 1545.
904 3666 1052 3739 Utinam

58 3766 189 3860 aliquis
206 3791 246 3835 ex
263 3769 386 3838 vestris
401 3765 559 3864 poe'tis⁷)
578 3781 682 3840 ornet
698 3770 853 3841 carmine
869 3769 1051 3840 liberatio-

56 3893 142 3938 nem
159 3868 365 3944 sanctiviri.
692 3947 697 3961 .
785 3869 893 3940 Vitus
910 3885 1002 3945 tuus.

56 4240 126 4316 No.
146 4241 260 4316 3246.

63 4339 237 4368 w„
875 4269 1048 4367 „Q

61 4437 275 4555 Georgius
309 4441 497 4529 Antatt.
535 4442 609 4547 ad„
634 4440 1051 4558 Spangenbergium.

158 4604 258 4660 Manlii
275 4601 377 4677 farrag.
397 4625 425 4678 p.
437 4603 490 4661 448
507 4626 548 4680 sq.

69 4751 253 4854 Georgius
275 4755 510 4833 Anhaltinus
534 4757 598 4839 Io.
625 4720 1037 4862 Spange'nbergio,

259 4857 413 4933 Pastori
434 4859 684 4938 Northosano
727 4863 768 4937 S.
791 4862 847 4939 D.

1103 2853 1216 2926 Datae
1235 2854 1456 2950 Mersburgi,
1482 2851 1653 2926 sabbatho
1669 2837 1750 2948 post
1763 2853 1874 2941 Sixti,
1895 2849 2004 2923 Anno
2022 2850 2085 2927 45.

1104 3245 1171 3321 Νο.
1192 3244 1306 3321 3247.

1105 3344 1277 3370 m

1932 3258 1988 3318 10.
2005 3247 2088 3330 Aug.

1444 3447 1498 3537 V.
1536 3446 1770 3534 theodoro.

1170 3609 1255 3682 Epist.
1272 3608 1319 3665 lib.
1334 3609 1382 3663 Vl.
1389 3610 1494 3733 plssi).
1523 3633 1560 3648 -
1612 3607 1663 3664 llic
1682 3626 1712 3661 ex
1732 3603 1900 3678 autographo
1918 3604 1948 3658 iu
1960 3604 2096 3661 cod.Mo·

1204 3699 1266 3733 nac.
1279 3679 1301 3733 l.
1314 3699 1339 3750 p.
1354 3680 1415 3734 61.
1474 3682 1480 3706 ¹

1101 3829 1154 3908 D.
1177 3827 1224 3909 V
1226 3826 1574 3915 itoTheodoro,
1602 3824 1942 3925 docentiEvangel.
1966 3826 2006 3898 in
2020 3822 2098 3896 Ec-

1394 3932 1505 4005 clesia
1528 3931 1805 4028 Noribergensi.

1102 4062 1145 4153 S.
1171 4081 1217 4152 D.
1267 4082 1414 4155 Utinam
1428 4084 1588 4153 redditus
1607 4084 1740 4154 sitiam
1754 4079 2007 4175 Hieronymus
2029 4073 2096 4146 ho-

1102 4184 1320 4255 nestissimae
1339 4184 1482 4275 coniugi
1498 4207 1597 4270 suae,
1623 4185 1838 4255 dulcissimis
1860 4184 2001 4265 liberis,
2024 4175 2097 4249 Ec-

1103 4287 1227 4355 clesiae
1250 4284 1318 4354 Dei
1343 4288 1437 4379 apud
1456 4309 1538 4371 vos,
1563 4287 1690 4355 studiis
1711 4286 1915 4371 literarum,
1941 4281 2095 4372 denique

1104 4389 1169 4457 toti
1191 4387 1343 4478 reipubl.
1408 4387 1531 4480 Teque
1554 4411 1767 4479 magnopere
1797 4412 1879 4472 oro,
1914 4400 1956 4456 ut
1987 4406 2116 4480 quam-

1101 4490 1258 4579 primum
1288 4489 1393 4559 nobis
1416 4483 1483 4559 hac
1504 4490 1549 4557 de
1577 4511 1615 4558 re
1646 4490 1818 4578 significes
1845 4489 1967 4558 omnia
1994 4475 2094 4566 ἀξιό-

1101 4595 1206 4689 λογα.

1202 4689 1310 4761 Mitto
1334 4691 1401 4761 tibi
1422 4689 1673 4782 Witebergam
1699 4703 1877 4776 nostram,
1907 4692 2015 4782 quam
2036 4684 2094 4779 pl·
2216 4772 2219 4777 Α
2335 4718 2337 4723 ’

1102 4805 1178 4860 ctor
1200 4787 1446 4862 Sebastianus
1457 4785 1494 4888 ⁴⁵)
1524 4793 1648 4863 edidit.
1706 4791 1808 4863 Nosti
1831 4814 1923 4886 quae
1952 4791 2023 4860 iarn
2047 4788 2094 4860 sit

1099 4896 1165 4985 τῆς
1178 4899 1365 4990 γραφικῆς
1387 4896 1542 4968 sortuna.
1592 4890 1678 4967 Ideo
1702 4894 1835 4964 imitari
1850 4905 1983 4962 vestros
1998 4886 2093 4960 hanc
2210 4987 2214 4992 1

55 4965 226 5064 (nattam
243 5009 276 5065 et
292 5020 414 5087 pacem
430 5021 450 5066 a
466 4994 543 5067 Deo
558 5010 679 5087 patre,
704 5010 739 5067 et
754 4995 911 5068 Domino
928 5013 1051 5069 nostro
1099 4995 1274 5085 picturam
1304 4997 1432 5082 nollet,
1463 5011 1505 5067 ut
1536 5018 1598 5066 sua
1633 4995 1946 5086 exempla-maiore
1975 4991 2091 5083 pretio

54 5088 137 5164 Iesu
159 5091 321 5182 Christo,
352 5097 482 5172 Amen.
541 5097 679 5169 Literas
701 5094 934 5171 humanitatis
957 5113 1049 5181 tuae,

54 5253 264 5273 ὴ..-

89 5343 118 5413 5)
136 5343 204 5399 cod.
220 5345 285 5401 Bar.
298 5347 525 5416 magnificenter.

88 5427 116 5496 6)
136 5428 297 5483 conflans.
311 5431 372 5483 401.
392 5449 435 5483 eo.

87 5511 118 5581 7)
134 5509 204 5567 Coti.
220 5511 304 5569 Goth.
318 5513 383 5568 401.
398 5519 498 5582 petto.

1099 5098 1253 5166 vendere
1268 5111 1397 5188 posset.
1446 5093 1500 5167 Ea
1514 5097 1553 5165 in
1569 5121 1608 5166 re
1624 5096 1656 5167 si
1669 5098 1756 5191 quid
1776 5096 1908 5187 poteris
1921 5094 2016 5187 apud
2034 5116 2093 5162 ar-

1099 5197 1227 5284 tifices,
1255 5199 1366 5289 agito,
1401 5222 1451 5269 ne
1477 5197 1675 5297 imitentur.
1733 5194 1904 5268 Arbitror
1921 5219 1997 5283 rem
2016 5217 2093 5264 non

1133 5516 1166 5591 *l
1184 5518 1291 5577 seban.
1305 5520 1424 5580 &erari
1442 5523 1507 5580 Vid.
1518 5543 1561 5599 ep.
1572 5525 1608 5582 od
1619 5525 1764 5599 llelingum
1777 5525 1845 5584 (1.5.
1858 5525 1931 5599 Ape.
1945 5522 2014 5580 asts

1918 3339 2091 3370 W
2161 3327 2168 3348 ¹
