4868 6420
205 367 348 446 ⁷05²
524 363 560 436 s
787 365 1222 446 umsrontrsuu
1272 354 1664 453 ammisse.
2171 386 2248 460 roc
2333 401 2341 418 ·

192 525 413 615 ¹mecumde
434 543 527 635 Rep.
552 567 654 636 saepe
676 543 815 615 locutus
841 555 911 627 est,
936 541 1048 612 multa
1069 542 1114 612 de
1133 543 1211 637 ‹lo-5
1350 539 1560 615 Milichius
1583 547 1722 637 scripsit
1744 549 1789 620 de
1809 553 1937 625 morbo
1956 546 2121 649 Georgii.
2171 531 2244 628 'sed
2363 574 2367 578 ’

191 646 320 718 ctrina
346 647 557 727 sciscitatus,
586 661 622 718 et
642 648 686 716 de
708 669 789 715 vera
801 643 871 714 Dei
890 644 1133 727 invocatione,
1159 668 1210 729 ac¹
1253 645 1329 716 veri
1349 647 1465 716 sontes
1492 648 1758 719 solicitudinum
1791 651 1902 744 ipsius
1927 650 2018 725 mihi
2049 657 2126 726 noti
2147 673 2242 739 sunt,

203 772 288 818 vere
301 748 466 838 praedico
488 773 544 817 me
563 750 876 819 commonefactum
898 745 1009 836 ipsius
1023 745 1209 821 eruditiss:
1250 769 1340 839 quos
1362 756 1481 817 coram
1502 750 1668 823 recitabo.
1720 749 1796 821 Hae
1817 757 1988 846 paulatim
2012 759 2129 827 cordis
2148 759 2242 829 vires

190 850 398 919 sermonib.
414 863 448 919 et
463 850 578 939 plenis
594 851 740 941 pietate,
768 849 941 940 quaedam
955 860 1077 937 postea
1093 870 1199 917 accu-
1250 851 1515 936 absumserunt,
1547 864 1581 920 et
1606 853 1702 945 quod
1723 853 1800 922 heri
1827 856 1933 944 solet,
1964 870 2078 928 totum
2101 858 2241 952 στῆθος

204 950 317 1020 ratius
332 964 506 1024 tractasse.
539 949 630 1020 Cum
646 951 756 1039 igitur
770 963 805 1020 et
819 948 1057 1038 integritatem
1073 948 1197 1041 ipsius,
1249 950 1547 1040 lauguefecerunt.
1640 1032 1643 1036 ¹

188 1066 241 1122 -et
266 1053 508 1140 prudentiam,
543 1065 578 1122 et
602 1065 715 1122 totum
746 1050 963 1120 curriculum
987 1050 1139 1120 salutare
1163 1063 1198 1120 et
1348 1049 1455 1120 Facio
1479 1055 1523 1120 de
1543 1052 1613 1121 mei
1640 1054 1792 1145 pectoris
1821 1058 2035 1129 arefactione
2058 1059 2239 1131 coniectu-

190 1154 289 1224 ·lelix
311 1153 491 1238 noverim,
515 1175 682 1242 magnum
700 1148 793 1221 mibi
807 1153 967 1222 dolorem
982 1152 1057 1220 eius
1071 1151 1197 1221 interi·
1248 1175 1336 1224 ram.
1391 1151 1552 1223 Libellos
1574 1178 1594 1223 a
1616 1169 1650 1226 te
1673 1157 1798 1227 missos
1815 1158 1954 1251 accepi,
1978 1184 2044 1252 pro
2065 1183 2135 1252 qua
2158 1161 2237 1229 edi·

204 1251 392 1337 tus-affert.
442 1251 491 1324 Et
505 1280 708 1348 quanquam
723 1279 799 1324 mea
816 1277 934 1323 caussa
949 1253 1116 1343 privatim
1131 1255 1196 1322 do-
1247 1254 1344 1324 tione
1360 1253 1425 1323 tibi
1439 1253 1534 1347 Reip
1549 1257 1694 1326 nomine
1709 1259 1837 1346 gratias
1853 1281 1930 1348 ago.

205 1358 281 1439 leo,
306 1355 419 1426 amico
435 1358 568 1426 metali
583 1357 746 1426 orbatum
760 1380 850 1435 esse,
877 1358 977 1425 cuius
992 1356 1078 1424 lides
1092 1379 1196 1446 prae·
1347 1352 1436 1423 Heri
1452 1357 1584 1426 litteras
1598 1353 1769 1429 aBucero
1781 1361 1912 1451 accepi,
1927 1360 1989 1453 qui
1999 1361 2091 1431 vidit
2104 1362 2235 1432 editam

206 1455 298 1528 sidio
315 1453 404 1525 mihi
421 1480 493 1525 esse
507 1470 663 1548 poterat,
690 1472 806 1527 tamen
820 1454 923 1546 Reip.
946 1479 1064 1525 caussa
1085 1457 1195 1545 magis
1239 1448 1449 1548 κατήχησιν
1470 1455 1707 1552 Graecam³)‚
1736 1484 1819 1529 nam
1839 1460 1967 1556 misi⁴)
1990 1456 2174 1548 Stormio,
2200 1477 2236 1533 et

205 1560 365 1643 crucior,
391 1561 435 1627 de
452 1584 520 1650 qua
545 1560 749 1651 pracsertim
773 1558 922 1627 nuncin
939 1556 1195 1647 gubernatione
1246 1580 1361 1647 nuper
1389 1557 1471 1625 misi
1496 1554 1592 1628 hunc
1617 1575 1792 1630 recentem
1816 1562 1995 1648 libellum,
2037 1564 2139 1634 valde
2166 1565 2235 1634 tibi

203 1656 445 1747 Ecclesiarum
461 1659 598 1754 Mysiae
617 1661 792 1751 praeclare
809 1658 935 1727 mereri
950 1671 1095 1749 poterat.
1121 1656 1194 1728 Nec
1247 1659 1374 1745 gratias
1390 1660 1461 1747 agit
1475 1661 1572 1750 quod
1593 1663 1639 1731 ad
1657 1664 1851 1732 ornandam
1865 1660 2059 1734 Ecclesiam
2075 1666 2235 1735 studium

204 1762 331 1833 dubito
348 1774 380 1829 te
393 1763 517 1830 iisdem
533 1763 662 1832 caussis
677 1761 943 1853 moveri,quib.
958 1783 1021 1849 ego
1035 1782 1193 1843 moveor,
1246 1775 1347 1830 tuum
1370 1760 1518 1829 coniers.
1575 1758 1775 1854 Epistolam
1805 1765 1851 1833 ad
1878 1759 2074 1835 Irenaeum
2102 1767 2237 1857 perlegi

203 1877 239 1934 et
254 1881 375 1931 seusus
390 1863 523 1931 doloris
540 1865 592 1934 tui
606 1863 709 1932 initio
724 1863 840 1932 acrior
855 1874 924 1947 est,
947 1873 1093 1952 propter
1106 1862 1194 1930 edu·
1246 1873 1367 1932 totam.
1416 1856 1517 1930 Nihil
1539 1860 1631 1933 mihi
1654 1865 1694 1933 in
1716 1861 1782 1934 hac
1795 1865 1867 1935 vita
1883 1867 1997 1936 maius
2011 1867 2123 1937 tribui
2140 1882 2236 1959 opto,

201 1964 352 2035 cationis
365 1977 445 2034 tuae
462 1965 677 2035 memoriam.
729 1964 816 2048 Sed,
837 1957 1194 2042 mi'loachime,con-
1245 1986 1353 2055 quam
1367 1961 1420 2031 ibi
1437 1959 1526 2031 mihi
1538 1964 1678 2040 tribuis.
1728 1963 1807 2036 Etsi
1819 1980 1935 2038 autem
1948 1969 2058 2038 debeo
2074 1970 2141 2039 tibi
2153 1970 2235 2060 plu·

201 2066 378 2155 fugiamus
393 2067 437 2134 ad
452 2089 509 2134 eas
526 2067 803 2150 consolationes,
828 2086 914 2153 quas
929 2061 1025 2131 Deus
1041 2063 1114 2153 ipse
1131 2086 1195 2154 pa·
1246 2062 1378 2132 simum
1402 2087 1468 2153 pro
1495 2059 1562 2132 hoc
1584 2080 1656 2137 tam
1676 2061 1872 2137 honorifico
1888 2070 2109 2155 testimonio,
2134 2095 2174 2139 ac
2191 2093 2233 2140 ex

201 2168 323 2239 tefecit
344 2162 500 2236 humano
524 2168 654 2257 generi.
706 2166 781 2237 Scis
805 2177 937 2258 quanta
962 2165 1006 2233 sit
1029 2164 1140 2254 caligo
1155 2165 1194 2232 in
1246 2165 1365 2233 animo
1382 2165 1450 2233 tibi
1464 2165 1593 2253 gratias
1608 2191 1691 2257 ago,
1714 2182 1923 2239 tamencum
1938 2196 1994 2240 mc
2009 2173 2110 2264 quasi
2128 2175 2172 2240 ad
2188 2173 2233 2239 il-

203 2264 432 2363 philosophia
441 2267 618 2340 Socratica
628 2271 670 2338 de
680 2268 809 2337 caussis
821 2267 943 2335 mortis
953 2266 1194 2355 etingentium
1245 2267 1318 2334 lam
1337 2265 1525 2355 imaginem
1548 2271 1708 2356 confero,
1733 2271 1908 2363 videoque
1928 2273 1987 2341 vix
2010 2285 2145 2362 partem
2167 2273 2233 2340 ali-

205 2370 444 2441 calamitatum
467 2365 722 2454 humanarum,
753 2383 787 2440 et
811 2370 854 2436 de
876 2351 1041 2437 remediis
1062 2391 1193 2437 earum.
1247 2390 1353 2460 quam
1371 2367 1442 2434 mei
1462 2372 1692 2458 respondere,
1714 2394 1797 2439 sane
1818 2374 2105 2463 pudet-memei.
2158 2372 2234 2443 Vo-

206 2470 278 2543 sed
302 2472 436 2563 prodiit
449 2468 546 2539 Deus
559 2496 609 2542 ¹eur
624 2470 784 2539 'aeternis
797 2470 942 2539 latebris
957 2469 1049 2553 suis,
1075 2481 1109 2538 et
1132 2492 1194 2538 sua
1246 2470 1364 2538 luntas
1383 2483 1476 2538 recte
1496 2471 1648 2541 faciendi
1670 2496 1744 2540 non
1760 2473 1872 2543 defuit
1885 2468 1992 2558 mihi,
2019 2475 2142 2558 duces,
2168 2476 2233 2545 do-

202 2596 290 2643 roce
315 2574 454 2656 docuit,
483 2597 547 2642 cur
570 2567 655 2641 haec
676 2573 810 2661 fragilis
828 2584 953 2639 natura
971 2571 1079 2639 tantis
1093 2593 1195 2640 aeru-
1238 2584 1376 2654 stores,
1401 2583 1559 2660 tempora
1573 2574 1773 2644 defuerunt.
1805 2572 1949 2660 Qualis
1963 2572 2070 2647 luerit
2091 2576 2234 2667 opinio-

203 2674 299 2743 mnis
314 2675 468 2744 subiecta
486 2674 551 2757 sit,
567 2686 602 2742 et
618 2687 762 2742 testatus
780 2684 850 2756 est,
866 2695 903 2740 se
920 2668 1095 2739 Ecclesiae
1113 2695 1195 2742 suae
1248 2696 1334 2739 num
1350 2672 1510 2739 confusio
1525 2674 1735 2755 meministi,
1758 2688 1892 2767 quanta
1905 2675 2056 2761 inscitia,
2080 2691 2235 2770 quantae

206 2775 401 2846 affuturum
423 2789 457 2845 et
477 2776 735 2866 opitulaturum
755 2797 839 2845 esse.
889 2771 966 2841 Hac
983 2794 1049 2840 nos
1063 2773 1196 2841 doctri·
1246 2774 1412 2841 tenebrae
1435 2771 1474 2838 in
1495 2773 1566 2842 illis
1583 2775 1688 2866 ipsis,
1713 2774 1777 2867 qui
1800 2789 1883 2845 ante
1898 2776 2042 2870 triginta
2059 2800 2171 2847 annos
2194 2779 2234 2848 in

205 2901 272 2957 na,
298 2902 389 2970 quae
409 2877 475 2946 tihi
495 2889 579 2945 nota
604 2891 672 2960 est,
703 2888 953 2956 sustentemus,
984 2883 1058 2940 non
1080 2875 1194 2943 solum
1247 2873 1500 2964 gubernatione
1520 2876 1784 2961 doctrinarum,
1804 2890 1975 2970 tanquam
1996 2879 2041 2950 ad
2058 2879 2234 2967 guberna-

205 2980 248 3049 in
269 2975 337 3048 hoc
359 2980 475 3058 luctu,
508 2980 568 3047 sed
586 2978 690 3048 etiam
713 2978 752 3045 in
773 2976 897 3047 ceteris
910 2975 1080 3060 miseriis,
1105 2999 1196 3069 quae
1248 2975 1366 3045 culum
1382 2974 1561 3044 sedebant.
1605 2975 1709 3047 Nunc
1722 3002 1785 3047 oro
1801 2975 1937 3063 Deum,
1960 2992 2001 3048 ut
2013 2974 2105 3049 hanc
2120 3005 2235 3074 quan-

203 3080 337 3150 multoe
352 3095 386 3150 et
398 3101 545 3168 magnae
561 3093 652 3151 sunt.
1248 3077 1498 3168 tulamcunque
1510 3077 1718 3148 tenuitatem
1734 3079 1915 3149 doctrinae
1938 3103 2045 3172 quam
2060 3096 2237 3153 monstra·

308 3176 405 3250 Mihi
418 3181 632 3250 maesticiam
648 3175 837 3249 hisdiebus
851 3205 931 3250 cum
946 3178 1015 3250 alia
1024 3179 1195 3274 quaedam
1248 3178 1300 3248 vit
1322 3177 1445 3262 nobis,
1470 3175 1660 3269 provehat,
1685 3194 1719 3249 et
1744 3181 1865 3265 faciat,
1895 3193 1938 3250 ut
1960 3183 2073 3250 nostri
2095 3183 2232 3254 labores

205 3296 398 3368 auxerunt,
423 3294 499 3350 tum
516 3306 598 3351 vero
623 3282 787 3371 inprimis
804 3285 1090 3352 commemoratio
1105 3273 1197 3349 Bel·
1249 3279 1320 3348 sint
1343 3278 1447 3347 utiles
1463 3275 1653 3356 Ecclesiae.
1712 3277 1808 3350 Mihi
1831 3306 1897 3352 nec
1921 3283 2135 3374 voluptates,
2169 3309 2235 3355 nec

203 3383 309 3480 gicoe
332 3383 560 3456 crudelitatis.
611 3380 790 3454 Interfecti
812 3397 896 3453 sunt
920 3382 1196 3477 recensqnidam
1248 3379 1459 3471 potentiam,
1484 3405 1549 3450 ncc
1562 3405 1647 3472 opes
1663 3382 1831 3474 quaesivi.

207 3483 447 3569 Artesiensis,
473 3485 701 3554 concionator
719 3481 877 3555 Gallicae
894 3482 1087 3569 Ecclesiae,
1108 3507 1197 3576 quae
1290 3490 1291 3493 ’
1350 3470 1529 3551 Corolum
1544 3483 1683 3553 laudari
1699 3509 1719 3553 a
1733 3497 1766 3553 te
1781 3485 1914 3576 placet,
1939 3487 2004 3557 etsi
2020 3487 2235 3576 asperiorem

206 3586 437 3680 Argentorati
464 3587 598 3673 exulat,
621 3587 677 3654 vir
699 3588 823 3655 doctus
846 3599 880 3655 et
896 3611 969 3655 non
991 3587 1198 3678 inquinatus
1249 3583 1325 3652 fieri
1350 3584 1475 3656 sentio.
1530 3581 1581 3651 Et
1600 3580 1658 3654 hic
1689 3600 1882 3656 conventus
1911 3588 1987 3657 eins
2015 3589 2235 3658 voluntatem

207 3691 290 3761 labe
312 3690 463 3760 fanatica
494 3689 586 3773 ulla,
618 3702 653 3758 et
675 3682 855 3780 Aegidius
874 3685 1132 3770 Bruxellensis,
1164 3698 1198 3755 et
1250 3683 1360 3772 magis
1400 3685 1604 3758 declarabit.
1666 3682 1757 3755 Nam
1792 3681 2005 3758 Granoelus
2034 3689 2105 3757 iam
2136 3691 2236 3760 venit

208 3805 370 3861 matrona
393 3790 526 3859 nobilis
546 3785 831 3858 Darentriensis
852 3814 933 3859 cum
949 3781 1086 3859 duabus
1107 3788 1198 3858 lilia-
1257 3779 1529 3859 Wtrmatiom.
1587 3784 1798 3860 Secuturum
1830 3813 1903 3859 esse
1933 3790 2136 3876 dominum,
2173 3792 2238 3862 ubi

207 3895 276 3964 hus
297 3892 424 3985 'pudice
449 3906 484 3961 et
509 3892 568 3984 pie
592 3892 758 3962 educatis.
807 3886 857 3961 Et
879 3891 1010 3960 similes
1029 3886 1199 3961 historiae
1250 3887 1384 3957 curatio
1399 3882 1526 3955 Ebeni
1548 3909 1609 3984 seu
1633 3885 1784 3958 Guaiaci
1805 3891 1913 3960 fuerit
1932 3892 2112 3976 absoluta,
2134 3917 2239 3984 pror-

191 4015 193 4019 ’
207 3996 297 4064 aliae
311 3995 520 4078 recitantur,
536 4018 686 4087 quarum
700 3992 930 4082 cogitatione,
945 3993 1083 4063 utinam
1098 3991 1200 4082 prin·
1252 4011 1311 4060 sus
1330 3989 1503 4059 existimo.
1541 3985 1675 4058 Verum
1689 3991 1893 4084 quicunque
1906 4005 2010 4062 erunt
2025 3992 2155 4078 exitus,
2173 4018 2238 4065 nos

209 4098 303 4190 cipes
319 4090 682 4189 virimoverentur¹).
1252 4090 1446 4160 necessaria
1476 4090 1699 4179 scripsimus,
1732 4116 1806 4161 non
1840 4094 2040 4183 petulanter
2072 4097 2239 4167 novimus

309 4196 435 4270 Rediit
451 4211 570 4268 noster
582 4194 780 4293 Ph'spanos
793 4186 1084 4286 Franciscus²)‚
1105 4193 1200 4262 divi·
1252 4191 1430 4282 Rempub.
1470 4192 1627 4261 sutilium
1665 4194 1890 4284 questionum
1936 4195 2142 4284 agitatione,
2196 4211 2238 4269 ut

213 4301 311 4370 nitus
339 4301 528 4383 liberatus,
559 4300 634 4368 sine
662 4323 727 4388 ope
753 4297 862 4366 ullius
888 4292 1064 4379 hominis,
1095 4318 1201 4386 quem
1252 4290 1391 4365 Rhodii
1404 4292 1607 4361 Minervam
1622 4308 1845 4386 quaerentes,
1866 4298 2080 4365 matulamne
2095 4297 2133 4364 in
2150 4312 2240 4367 tem-

215 4401 358 4494 quidem
378 4401 451 4491 ipsc
474 4400 589 4479 norit,
617 4400 704 4468 iussi
727 4423 806 4468 essm
832 4395 1017 4467 historiam
1039 4396 1202 4481 scribere,
1253 4396 1352 4486 plum
1368 4397 1412 4464 ad
1428 4392 1699 4484 Epulationem,
1723 4410 1940 4488 quaetotum
1962 4398 2057 4465 diem
2079 4399 2240 4486 durabat,

214 4526 319 4595 quam
343 4502 410 4572 tibi
432 4502 629 4573 afferemus.
691 4500 861 4570 Feramus
879 4498 996 4588 igitur
1023 4498 1063 4566 iu
1095 4497 1203 4567 tantis
1255 4498 1384 4566 inferre
1409 4496 1548 4579 liceret,
1582 4509 1843 4587 postcarursus
1865 4498 2147 4587 interrogarunt,
2177 4526 2241 4571 au-

211 4602 317 4676 Publ.
340 4600 517 4673 Ecclesiae
550 4602 701 4671 miseriis
730 4608 835 4672 etiam
864 4612 986 4670 nostra
1010 4621 1137 4682 onera,
1170 4613 1204 4670 et
1255 4622 1398 4668 reamne
1431 4621 1477 4666 an
1510 4610 1694 4666 testaceam
1728 4598 1858 4667 inserte
1892 4600 2071 4671 deberent.
2127 4598 2239 4672 Utilia

212 4727 441 4795 agnoscamus
464 4728 504 4773 ac
526 4704 750 4795 deploremus
771 4725 925 4786 caussas,
957 4714 991 4770 et
1012 4700 1205 4789 mitigatio-
1256 4714 1348 4770 certe
1361 4697 1608 4791 quaesivimus.
1654 4697 1853 4784 Postremo,
1878 4701 1942 4771 etsi
1956 4724 2012 4769 me
2026 4725 2169 4794 quoque
2183 4728 2241 4771 re-

213 4831 297 4875 nem
309 4819 486 4897 petamus,
511 4820 553 4875 ut
573 4829 674 4896 saepe
690 4799 887 4894 Prophetae
901 4802 1097 4872 clamitant:
1130 4799 1205 4872 Re·
1257 4824 1470 4892 sponsurum
1493 4823 1566 4868 esse
1591 4800 1782 4888 significas,
1807 4814 1925 4871 tamen
1948 4824 2068 4872 caussa
2089 4803 2138 4873 ita
2159 4828 2241 4894 per·
2336 4845 2338 4851 .

215 4909 362 4978 eordare
382 4906 498 4991 Deus,
522 4932 603 4977 cum
628 4907 805 4989 irasceris,
830 4903 1091 4973 misericordiae
1114 4915 1206 4988 tuae,
1258 4898 1396 4996 orata⁵)
1416 4914 1501 4971 esta
1527 4914 1579 4984 te,
1609 4916 1649 4971 ut
1662 4902 1730 4970 sim
1751 4902 1913 4992 ineptus,
1946 4903 1976 4972 si
1995 4903 2084 4996 quid
2098 4906 2240 4975 addam:

216 5031 283 5079 nec
307 5021 418 5079 totam
440 5008 530 5077 iram
556 5021 653 5078 tuam
683 5008 870 5086 accendas,
904 5027 1005 5076 serva
1029 5001 1207 5076 Ecclesiae
1258 5003 1396 5073 Tamen
1418 5016 1457 5071 ut
1473 5003 1532 5070 vel
1546 5002 1613 5073 tibi
1626 5026 1762 5073 morem
1782 5025 1921 5092 geram,
1944 5004 2081 5096 aliquid
2098 5030 2243 5098 compo-

216 5111 403 5204 reliquias,
436 5132 501 5179 nec
524 5132 590 5180 nos
613 5106 758 5179 abiicias
776 5109 870 5179 iuter
885 5106 1030 5199 impios:
1078 5103 1207 5196 Mitiga
1260 5129 1361 5189 nam,
1386 5127 1467 5172 eum
1491 5104 1535 5172 ab
1560 5105 1684 5173 aulicis
1706 5105 1822 5197 operis
1844 5128 1934 5198 quae
1956 5129 2012 5175 me
2026 5129 2129 5201 'nunc
2150 5108 2242 5179 deti-

211 5211 305 5283 iram
320 5224 430 5284 tuam.
2270 5235 2277 5243 ·

1293 5360 1322 5426 8)
1340 5360 1407 5416 Met.
1425 5370 1515 5417 tuam·

256 5458 284 5524 t)
301 5455 368 5510 Met.
384 5456 522 5523 principes
533 5453 629 5509 nostri
639 5459 828 5507 monerentur.
911 5462 917 5474 '
1295 5448 1324 5516 4)
1342 5447 1408 5503 Mat.
1426 5463 1501 5502 eom.

253 5539 285 5605 2)
302 5537 459 5608 Dryander.
1299 5530 1330 5603 5)
1345 5540 1502 5600 perornata
1517 5539 1582 5588 rust.

174 5676 177 5680 .
238 5618 398 5687 minen.
413 5615 519 5683 Orsa.
544 5614 629 5685 Vos.
641 5613 687 5683 V.
1442 5601 1494 5680 45
