4868 6420
110 319 160 391 ss
225 294 229 303 ’
687 304 1125 409 nrrsronaaun
1179 302 1288 386 rna.
1325 300 1409 387 nt.-
1441 303 1577 388 tots.
2068 316 2151 394 aa

110 489 156 563 ad
171 489 289 583 ipsum
302 484 507 575 Nicolaum,
529 487 571 560 in
585 509 656 585 qua
669 484 888 557 mentionem
901 480 988 554 facis
1001 478 1107 551 luet-
1158 500 1281 551 corum
1294 476 1507 573 scriptorum
1522 478 1600 553 “sine
1612 480 1819 573 linguarum
1839 470 2040 577 cognitione
2056 488 2149 562 reti·
2183 510 2185 514 ·

111 594 230 664 lorum
267 590 349 661 misi
376 590 485 681 igitur
515 589 715 683 exemplum
735 584 897 658 Danielis
911 579 978 680 ⁴⁵),
1009 583 1107 676 quod
1157 580 1237 650 neri
1251 603 1327 651 non
1341 594 1466 673 potest.
1502 580 1594 653 Vere
1609 597 1727 655 autem
1743 587 1929 658 adfirmare
1943 598 2096 683 possum,
2113 607 2147 663 et

111 695 232 783 legens
252 716 328 762 non
349 692 464 762 solum
488 692 630 762 veniam
653 689 754 761 dabis
775 682 889 774 mihi,
919 683 1106 757 sedetiam
1158 681 1273 753 dicam
1286 682 1524 753 eruditissimo
1539 706 1681 778 quoque
1696 686 1920 778 suffragante,
1934 685 2154 761 Matidiam

112 793 354 865 misericordia
378 794 449 862 mei
474 793 657 877 adficiere,
698 812 864 880 agnosces
888 788 1003 872 enim,
1041 807 1107 854 nos
1157 778 1359 878 Illyricum
1378 776 1416 879 *)
1447 785 1536 854 adeo
1557 788 1713 879 peritum
1733 811 1807 859 esse
1828 813 1971 881 graecae
1992 794 2134 884 linguae

112 897 219 966 valde
241 918 366 985 parum
388 888 518 962 habere
543 893 712 987 temporis
738 894 784 962 ad
805 885 870 960 has
888 886 1107 960 lucubratio-
1157 896 1199 955 ut
1230 885 1323 955 nulli
1357 886 1973 983 celebratissimonrm'proiessorum
1999 851 2145 986 postpos
2249 914 2252 919 ·

112 1021 189 1071 nes.
240 992 318 1067 Etsi
332 1006 449 1065 autem
466 995 537 1065 iam
551 1017 647 1065 eram
662 1006 873 1084 occupatus,
897 1003 1016 1062 tamen
1038 982 1106 1057 ho-
1157 987 1297 1056 nendus
1310 984 1369 1060 sit.
1416 983 1508 1059 Erat
1528 983 1587 1060 hic
1609 984 1759 1061 honesto
1781 993 1879 1080 loco;
1904 996 1966 1064 sed
1991 998 2145 1088 quodam

72 1146 94 1175 ,
111 1099 173 1168 elie
195 1098 328 1170 bonam
347 1109 483 1188 partem
504 1108 647 1166 tuarum
669 1094 883 1165 concionum
911 1091 999 1181 legi,
1030 1110 1108 1159 eas-
1157 1087 1356 1157 academiae
1371 1100 1506 1159 vestrae
1518 1090 1655 1177 studio,
1679 1091 1739 1162 cui
1753 1117 1810 1163 me
1824 1094 1935 1165 fateor
1950 1097 2144 1186 plurimum

112 1224 185 1293 que
208 1220 422 1291 magnopere
444 1197 570 1288 probo.
626 1190 675 1268 Et
697 1218 821 1266 censeo
843 1195 996 1263 edendas
1022 1212 1106 1263 esse.
1157 1189 1286 1259 debere
1302 1181 1379 1285 ⁸⁸),
1410 1189 1464 1259 sui
1479 1190 1513 1259 ei
1527 1185 1706 1274 hortator,
1732 1204 1789 1280 ut',
1814 1195 1926 1265 literis
1949 1199 2144 1270 amicorum

111 1298 234 1371 Probo
252 1296 345 1369 hanc
355 1299 469 1390 ipsam
485 1296 681 1391 simplicem
706 1309 742 1367 et
763 1295 920 1367 nativam
937 1293 1109 1363 elocutio-
1157 1285 1275 1360 isthuc
1292 1290 1498 1376 accersitus,
1522 1314 1563 1361 eo
1585 1317 1622 1363 se
1643 1294 1828 1367 conferret.
1878 1296 1951 1368 Nec
1971 1301 2131 1372 dubitavi

113 1426 197 1471 nem
222 1397 316 1470 nihil
340 1394 530 1471 habentem
557 1398 739 1469 ambitiosi
760 1410 918 1470 ornatus.
976 1392 1024 1464 Et
1051 1415 1106 1461 res
1158 1414 1288 1481 magno
1307 1400 1514 1461 ornamento
1532 1416 1612 1463 eum
1629 1395 1706 1465 fore
1722 1397 1908 1468 universae
1922 1401 2056 1491 patriae
2078 1358 2146 1472 no:

113 1515 199 1573 sunt
213 1524 334 1591 graves
349 1514 384 1573 et
399 1500 515 1571 utiles.
567 1497 680 1589 Agam
695 1499 806 1589 igitur
824 1522 905 1568 cum
921 1495 1107 1591 Typogra-
1159 1506 1262 1567 strae.
1312 1490 1405 1582 Quis
1420 1494 1515 1585 enim
1531 1494 1594 1566 illo
1609 1519 1730 1585 graece
1744 1499 1866 1569 scribit
1887 1500 2045 1588 facilius,
2068 1529 2146 1575 car-

113 1599 215 1695 phis‚
240 1617 300 1674 aut
314 1603 345 1672 si
359 1602 472 1672 mavis
486 1601 573 1671 alibi
589 1601 729 1685 excudi,
754 1599 939 1689 significes.
990 1596 1109 1667 Tuea-
1156 1616 1240 1662 men
1272 1605 1307 1663 et
1338 1594 1490 1666 solutam
1525 1596 1746 1670 orationem?
1786 1599 1886 1688 'Quis
1909 1603 2081 1676 eruditius
2102 1610 2147 1678 de

111 1728 198 1775 mur
224 1704 341 1773 studia
360 1701 548 1794 Evangelii
579 1716 614 1773 et
638 1698 877 1772 Ecclesiamm
905 1710 1106 1768 nostrarum
1156 1694 1371 1788 proprietate
1386 1695 1528 1786 linguae
1542 1697 1699 1770 iudicat?
1747 1698 1861 1793 Saepe
1883 1704 1978 1772 enim
2001 1730 2081 1775 cum
2104 1734 2145 1780 eo

111 1806 340 1875 concordiam
356 1818 529 1899 qnantum
553 1803 702 1874 omnino
725 1823 929 1894 possumus,
961 1801 1028 1891 deo
1049 1798 1107 1888 ju·
1158 1797 1202 1866 de
1225 1796 1329 1865 certis
1350 1797 1437 1868 locis
1455 1794 1557 1868 Pauli
1578 1798 1777 1893 disputavi,
1809 1806 1898 1896 quos
1919 1805 1996 1876 sine
2015 1811 2147 1898 graecis
2252 1839 2255 1843 ·
2350 1812 2354 1831 '

111 1921 231 1979 vante.
282 1904 372 1975 Nam
389 1905 597 1997 impendent
610 1905 731 1993 magni
745 1903 937 1985 tumultus,
961 1922 1107 1990 magnae
1157 1898 1397 1967 monumentis
1413 1918 1577 1970 enarrare
1591 1914 1644 1972 est
1665 1903 1768 1992 plane
1783 1912 1891 1975 'caeca
1918 1922 2022 1979 nocte
2043 1914 2146 1981 navi·
2258 1964 2260 1969 -

112 2007 319 2100 principum
337 2008 546 2079 discordiae.
596 2002 653 2075 Eo
674 2005 785 2094 magis
809 2026 876 2073 nos
898 2004 997 2073 decet
1020 2023 1107 2071 con·
1156 2021 1259 2089 gare,
1293 2012 1333 2068 ut
1354 2000 1422 2068 dici
1445 2001 1545 2073 solet.
1604 1999 1768 2093 intelligo
1787 2020 1904 2077 autem
1928 2008 2055 2098 viginti
2081 2036 2146 2083 au-

114 2112 262 2199 iungere
277 2108 476 2179 voluntates
491 2121 525 2178 et
539 2108 666 2180 studia.
716 2102 846 2177 Ruunt
859 2102 1020 2195 imperia,
1046 2103 1107 2170 sed
1157 2122 1236 2169 reos
1252 2100 1294 2168 de
1310 2099 1580 2192 stipendio·eius
1601 2100 1752 2180 detrahi.
1803 2105 1876 2177 Nec
1897 2111 2147 2183 decausadis-

1157 2215 1264 2292 puto,
1304 2224 1369 2271 nec
1391 2225 1447 2270 me
1471 2202 1606 2273 alienae
1637 2200 1851 2297 reipublicae
1879 2210 2148 2284 deliberationi-

1157 2304 1224 2391 bus
1239 2302 1379 2392 ingero‚
1404 2301 1487 2397 (etsi
1509 2299 1741 2378 humanitatis
1763 2321 1815 2379 est
1835 2325 1993 2400 nostrae,
2014 2318 2147 2387 ‘omnes

1157 2403 1233 2494 pias
1256 2399 1392 2473 scholas
1418 2428 1527 2473 unam
1560 2402 1717 2477 scholam
1750 2434 1859 2481 unam
1891 2416 2148 2507 rempublicam

1159 2502 1320 2598 ducere);
1347 2507 1408 2573 sed
1423 2519 1541 2574 tamen
1554 2509 1694 2577 veniam
1709 2506 1799 2581 mihi
1821 2514 1921 2584 dabis
1943 2540 2008 2608 pro
2032 2520 2146 2590 arnico

1159 2606 1347 2679 laboranti.
1398 2603 1488 2676 Cum
1496 2602 1695 2678 Matthias
1711 2612 1767 2682 vir
1781 2614 1827 2683 sit
1842 2617 1998 2705 optimus
2014 2631 2048 2687 et
2064 2643 2148 2690 eru-

1160 2706 1295 2777 ditione
1312 2720 1406 2776 tanta
1424 2708 1613 2778 instructus
1630 2732 1840 2804 magnopere
1856 2729 1889 2785 te
1905 2740 1986 2803 oro,
2010 2733 2050 2790 ut
2071 2718 2147 2791 eius

1160 2831 1298 2878 causam
1320 2809 1414 2897 apud
1436 2807 1608 2880 Senatum
1622 2805 1833 2885 Academiae
1850 2838 1947 2905 agas,
1978 2841 2019 2889 ac
2041 2822 2148 2913 perfi-

1161 2909 1249 2990 cias,
1273 2921 1312 2977 ut
1325 2930 1447 2977 rursus
1459 2911 1493 2977 ei
1508 2911 1604 2979 aurei
1620 2911 1674 2980 illi
1690 2913 1815 3003 viginti
1829 2920 2041 3007 pendantur.
2074 2916 2147 2992 Ar-

1159 3010 1287 3090 bitror,
1312 3004 1470 3078 hominis
1487 3012 1582 3080 docti
1596 3035 1735 3083 eausam
1749 3016 1789 3084 in
1798 3015 1931 3090 Senatu
1944 3021 2145 3095 doctissimo

1161 3110 1381 3204 aequissimis
1397 3112 1524 3180 animis
1539 3113 1674 3199 audiri,
1707 3116 1836 3186 deinde
1855 3119 2035 3209 existimo,
2068 3147 2147 3195 eam

113 2208 293 2281 Ecclesiae
309 2210 480 2304 reliquiae
494 2210 743 2278 servabuntur.
792 2204 890 2275 Bene
905 2202 983 2273 vale
999 2203 1105 2272 caris-

112 2313 202 2381 sime
218 2305 356 2390 Satelt,
381 2324 415 2380 ct
431 2312 541 2380 saluta
557 2321 715 2379 amanter
737 2307 826 2375 meis
846 2305 964 2375 verbis
981 2301 1116 2372 Domi:

112 2438 202 2483 num
215 2400 394 2480 Calceum
415 2425 449 2482 et
464 2406 673 2482 Garadum.
723 2408 758 2478 5.
774 2406 878 2478 Febr.

629 2537 817 2635 Philippus
832 2533 1058 2612 Melanthon.

446 2743 1101 2763 Μαι-..Μ

979 2900 1012 2960 8.
1023 2890 1110 2954 Febr.

980 2981 1108 3010 Μ’

122 2896 194 2971 Νο.
209 2892 323 2969 2634.

121 2991 295 3023 w

412 3065 564 3160 Batti.
594 3064 830 3181 Koufflin

184 3265 206 3326 ι
226 3260 262 3313 Es
280 3256 449 3329 autographo
470 3254 599 3309 lllelantb.
618 3254 692 3324 quod
714 3252 827 3306 habetur
846 3249 874 3303 in
896 3248 959 3304 eod.
980 3244 1111 3305 Gothia

219 3326 270 3384 tot.
282 3346 331 3380 no.
343 3328 405 3380 tot.
421 3344 448 3396 p.
462 3325 506 3378 81.
543 3323 623 3376 Prior
637 3340 699 3393 parra
711 3322 839 3391 epistolae
852 3337 935 3389 usque
957 3317 990 3370 ad
1009 3316 1110 3369 rerba:

221 3408 254 3451 ut
271 3411 370 3449 rursus
389 3404 418 3446 et
439 3395 524 3449 aurei
542 3393 586 3445 illi
602 3390 700 3455 vigenti
714 3393 910 3456 pendentum
930 3387 1017 3440 scriba
1039 3402 1112 3457 quo·

224 3466 287 3517 dam
306 3462 447 3532 elegantur
463 3460 562 3531 scripta
583 3466 644 3526 est„
663 3457 783 3527 reliqua,
806 3475 873 3527 quac
887 3454 1037 3525 incipiunt:
1062 3470 1112 3505 nr·

222 3528 455 3587 ttaroraommls
474 3529 620 3581 dectinet.
666 3525 783 3595 Philippi
807 3541 890 3576 manu
917 3531 1021 3575 exarata
1039 3533 1112 3593 erint,

222 3600 307 3654 multa
328 3617 361 3651 ue
372 3599 400 3653 iu
414 3598 461 3650 illa
474 3595 586 3665 epistola
599 3591 717 3648 calamus
729 3595 828 3647 iterum
848 3592 936 3645 deleta
954 3598 981 3642 ct
1001 3600 1111 3646 ututeta.

221 3667 343 3722 lletinurt
363 3662 617 3737 igiturMelanthou
640 3660 815 3733 apographon
837 3659 942 3712 scribae
963 3676 1045 3710 trsanu
1067 3657 1111 3710 la·

222 3747 316 3802 ctum,
332 3734 405 3806 quod
421 3732 576 3787 balthasaro
597 3730 704 3783 mittere
724 3730 848 3797 solebat,
872 3744 961 3795 eoque
978 3743 1043 3779 usus
1062 3742 1112 3788 est,

221 3805 254 3860 ed
266 3805 337 3859 banc
349 3803 491 3875 epistolam
504 3799 656 3856 accuratius
670 3797 854 3854 scribendam.

142 3957 197 4032 D.
215 3954 454 4031 Dalthasoro
472 3952 717 4047 Tudingensi.
767 3945 1087 4052 (Bolthusaro

284 4052 534 4161 Kaufflt'n,
576 4053 746 4150 theologo
766 4050 947 4149 Tubing.)

10 4180 16 4193 Ι
116 4180 164 4272 S.
188 4194 234 4270 D.
284 4196 397 4268 Vides
418 4192 609 4267 clarissime
622 4190 668 4266 D.
681 4186 833 4273 Doctor,
859 4189 897 4257 iu
912 4201 1010 4259 tanta
1024 4211 1111 4257 con-

117 4303 260 4371 fusione
272 4322 392 4370 rerum
408 4292 646 4366 humanarum
661 4306 694 4363 et
709 4313 898 4380 regnonun
913 4289 1111 4359 mutatione

119 4405 259 4472 (liariter
278 4399 434 4495 mrassari
461 4420 535 4466 non
560 4396 675 4464 solum
699 4415 824 4461 omnes
852 4389 1010 4480 politius,
1048 4392 1109 4459 sed

119 4504 227 4573 etiam
239 4499 446 4573 Ecclesiam.
497 4496 567 4568 Sed
584 4510 720 4577 tamen,
745 4493 828 4586 quia
843 4491 948 4561 nobis
965 4490 1109 4584 quidem

119 4620 218 4676 certo
240 4603 467 4674 statuendum
489 4613 559 4681 est,
591 4594 786 4667 Ecclesiam
807 4616 945 4684 semper
965 4615 1109 4661 mansu·

118 4732 196 4775 ram
212 4728 306 4787 esse,
330 4698 397 4773 hac
421 4692 482 4794 ¹spe
504 4698 638 4769 maiore
653 4696 770 4767 studio
784 4688 922 4765 scholas
936 4707 1109 4776 tueamur,

121 4831 211 4903 (puae
231 4804 375 4898 proprie
397 4801 559 4874 serviunt
574 4795 761 4869 Ecclesiae.
811 4792 1003 4887 Praecipue
1022 4817 1107 4863 vero

120 4909 185 4993 hs,
217 4907 282 5002 qui
303 4905 487 4975 coelestem
509 4900 706 4972 doctrinam
728 4908 913 4981 enarrant,
942 4895 1108 4964 anniten-

89 5013 92 5017 ’
120 5012 208 5080 dum
229 5021 301 5094 est,
324 5019 369 5078 ut
381 5005 659 5096 complectantur
673 5013 709 5069 et
723 4998 890 5068 adiuvent
906 4998 1107 5085 linguarum

119 5112 359 5203 interpretes
389 5103 483 5193 ‘Nam
501 5104 563 5173 lux
579 5095 866 5195 propheticorum
889 5110 923 5167 et
943 5097 1110 5188 apostoli-

123 5288 333 5309 mun·-

129 5469 138 5486 ‚
155 5414 187 5493 ἱἵ)
206 5410 254 5467 Est
268 5373 454 5489 Melanthonis
466 5405 494 5459 in
502 5402 642 5458 Danielem
657 5389 815 5473 prophetam
832 5396 1051 5459 continentum»,
1066 5394 1112 5467 qni

191 5478 295 5553 prodiit
314 5476 429 5530 theb.
445 5470 520 5527 1543.
560 5550 573 5561 ·

124 5560 302 5629 hiemares.
315 5556 420 5621 Orrn.
446 5551 567 5615 vaur

1162 3235 1234 3281 esse
1264 3213 1547 3282 benevolentiam
1577 3216 1734 3284 universi
1755 3216 1906 3291 Senatus
1934 3224 2042 3295 vestri
2064 3222 2146 3318 erga

1161 3338 1239 3397 me,
1264 3325 1324 3399 ut,
1350 3316 1446 3407 quod
1470 3313 1581 3405 ipsius
1598 3311 1770 3387 Matthiae
1794 3321 1916 3394 virtuti
1940 3325 2052 3398 tribui
2072 3353 2148 3416 oro,
2215 3396 2221 3403 .

1161 3414 1301 3483 facilius
1327 3438 1366 3483 ac
1392 3415 1564 3485 libentius
1584 3417 1617 3486 ei
1639 3432 1783 3511 propter
1803 3447 1917 3493 meam
1939 3427 2147 3516 petitionem

1162 3516 1280 3586 daturi
1294 3515 1382 3589 sitis.
1433 3514 1487 3586 Te
1501 3540 1584 3587 vero
1608 3519 1733 3605 etiam,
1766 3537 1905 3594 nostrae
1926 3529 2148 3602 familiarita-

1161 3617 1207 3688 tis
1226 3616 1526 3711 atquetamicitiae
1547 3641 1759 3705 memorem,
1791 3625 1898 3694 velim
1921 3632 2075 3718 moveri,
2105 3649 2147 3705 ut

1161 3720 1212 3789 sic
1224 3741 1304 3808 agas
1325 3713 1416 3786 hanc
1433 3740 1584 3798 causam,
1601 3743 1640 3789 ac
1655 3721 1685 3790 si
1700 3746 1777 3794 mea
1791 3748 1851 3794 res
1862 3745 2031 3817 ageretur.
2066 3730 2147 3804 Me-

1161 3818 1315 3903 ministi,
1339 3841 1405 3887 nos
1423 3819 1463 3887 in
1485 3821 1601 3912 primo
1624 3824 1800 3916 tyrocinio
1825 3814 1863 3896 in
1886 3810 2006 3901 eadem
2028 3836 2147 3925 palae·
2223 3892 2226 3899 .

1161 3933 1233 3989 stra
1249 3919 1471 3990 familiariter
1492 3946 1562 3990 una
1588 3939 1743 3995 versatos
1764 3951 1855 4013 esse,
1877 3931 1998 4003 'multa
2019 3949 2148 4006 contu·

1161 4021 1259 4106 iisse,
1283 4045 1323 4091 ae
1338 4022 1521 4115 utriusque
1537 4024 1719 4114 ingenium
1733 4029 1877 4103 alterius
1893 4043 1968 4102 tum
1987 4022 2146 4131 exemplo

1162 4136 1238 4195 tum
1270 4124 1607 4195 commonefactione
1639 4128 1824 4200 excitatum
1859 4156 1943 4208 esse.
2010 4134 2134 4210 Postea

1161 4224 1257 4317 quod
1274 4225 1423 4292 maxime
1444 4220 1534 4293 mihi
1555 4227 1750 4297 iucundum
1767 4246 1833 4316 est,
1866 4234 1996 4304 iterum
2020 4263 2085 4308 nos
2109 4196 2148 4310 iri

1160 4348 1264 4417 causa
1285 4325 1427 4416 publica
1449 4326 1633 4397 coniunxit
1651 4325 1810 4401 Ecclesia
1827 4326 1930 4428 *⁸*).·
1966 4336 2040 4409 Nec
2063 4364 2148 4412 vero

1160 4426 1275 4496 ullum
1295 4425 1449 4497 sanctius
1478 4428 1603 4497 foedus
1620 4430 1906 4511 „existimandum
1927 4453 1999 4524 est,
2039 4446 2145 4535 quam

1159 4552 1231 4619 qrro
1247 4527 1324 4621 pios
1341 4526 1483 4597 ecclesia
1497 4528 1666 4615 devinxit,
1679 4532 1817 4627 luitque
1832 4532 1923 4607 mihi
1936 4557 2148 4631 pergratum,

1159 4630 1254 4723 quod
1270 4630 1310 4699 in
1323 4630 1555 4701 conventibus
1571 4632 1607 4699 in
1624 4635 1775 4724 quadam
1792 4638 1960 4712 varietate
1980 4646 2148 4716 consilio-

1192 4955 1220 5021 ἰ
1229 4950 1365 5073 ἒηιεΙΙίςὶι
1379 4950 1519 5008 Matthiam
1538 4953 1717 5038 Derbicium,
1736 4958 1893 5033 illyricum,
1910 4984 1994 5037 quem
2005 4988 2149 5028 commen·
2174 4948 2179 4954 .

1249 5030 1338 5075 averet
1351 5037 1406 5090 rpse
1422 5022 1583 5077 Academiae
1596 5023 1772 5097 Tubrngensi.
1807 5032 1848 5086 De
1862 5035 1958 5089 eodem
1978 5035 2054 5110 loqui
2072 5042 2149 5095 side-

1228 5087 1434 5228 hlirafiiblhethh
1448 5089 1734 5230 Pvgffisht‚ag,?6¹4u31
1748 5096 1923 5155 Theodorum
1942 5102 1970 5157 d·
1991 5107 2073 5207 ‘¹2¹⁵‘
2087 5109 2147 5165 lun.

1195 5238 1329 5359 *aputidc
1347 5237 1436 5319 literas
1451 5239 1580 5323 hiel-anth.
1592 5243 1749 5300 Academiae
1761 5246 1928 5334 :l'ulsingerrsi
1941 5256 2053 5328 scriplas
2084 5261 2146 5332 qui.

1293 5318 1389 5369 suant,
1408 5319 1435 5359 ut
1449 5307 1591 5362 Garbscms
1606 5326 1754 5367 uocaretur
1768 5316 1914 5391 l'ubmgam
1932 5343 2005 5379 anno
2020 5296 2096 5383 1537.

1198 5390 1352 5531 *Pipiishuhb
1363 5391 1680 5519 ἓοΙιιιέπεαὸριῦῗυῖῐόΙἍίη
1696 5399 1841 5459 Conventa
1855 5403 2076 5475 Wormatiensi,
2095 5415 2149 5471 sid.

1282 5533 1305 5603 3
