4868 6420
286 272 332 342 91
389 308 391 315 ·
486 335 491 340 .
654 336 655 339 ,
863 262 1303 349 EPISTOLARUM
1354 277 1459 352 LlB.
1494 278 1559 357 lX.
1614 282 1747 361 1543.

194 486 198 492 -
287 442 399 514 causis
421 440 644 534 publicarum
667 441 907 514 mutationum
927 441 1090 533 cogitare.
1144 442 1225 534 Qua
1241 444 1280 514 in

286 546 496 634 cogitatione
522 539 561 612 hi
585 546 649 637 qui
674 567 729 613 res
757 540 932 614 humanas
949 559 1091 641 temere
1113 549 1210 615 volvi
1240 572 1280 616 ac

287 646 436 716 fortuito
462 644 640 729 iudicant,
678 669 751 714 non
783 660 931 736 possunt
957 672 1033 716 non
1056 642 1282 720 vehementer

287 749 403 818 odisse
425 770 481 815 me
502 761 537 818 et
558 747 628 815 mei
651 747 795 822 similes.
845 746 916 819 Sed
937 750 1042 839 longe
1066 749 1169 819 aliter
1185 752 1228 820 de
1247 764 1282 821 te

290 849 422 933 sentio;
465 871 549 917 nam
579 861 614 916 et
640 848 864 939 providentia
889 849 1010 918 diviua
1032 850 1105 940 regi
1126 847 1281 922 humana

289 954 495 1020 aclsevume
511 963 546 1018 te
564 949 737 1033 arbitror,
768 966 803 1022 et
826 944 917 1019 banc
942 952 1052 1043 ipsam
1072 952 1284 1037 doctrinam,

290 1076 379 1146 quae
394 1063 496 1120 sonat
509 1050 549 1119 in
563 1047 720 1122 Ecclesia
734 1049 822 1135 Dei,
847 1065 941 1122 certo
958 1053 1123 1123 traditam
1138 1077 1211 1123 esse
1225 1054 1283 1124 di-

291 1153 426 1224 vinitus
453 1165 605 1223 statuere
639 1168 673 1223 te
707 1177 779 1222 non
813 1154 950 1228 dubito.
1009 1153 1132 1248 ltaque
1162 1178 1284 1247 spero,

292 1255 427 1324 etiamsi
450 1253 680 1322 immoderata
704 1256 904 1348 aliquorum
929 1257 1075 1326 consilia
1099 1270 1133 1325 et
1153 1282 1284 1351 φορτι-

290 1349 435 1449 aeuitepu
456 1356 524 1424 tibi
547 1356 754 1445 displicent,
786 1370 903 1426 lernen
927 1382 1049 1426 eorum
1069 1360 1225 1427 studium
1250 1372 1302 1427 tev

291 1458 603 1549 1¹0¹1¹¹¹¹Pl0b³¹²2
635 1482 695 1550 ‘lu'
719 1482 774 1525 “³
795 1482 1004 1527 ⁰⁹⁰³⁸⁸³n³⁸
1023 1455 1199 1529 Ecdeme
1215 1457 1284 1578 Dei
1333 1519 1515 1587 conditum
1532 1520 1574 1587 ad
1594 1519 1912 1607 immortalitatem,
1935 1548 2135 1597 mansuram
2152 1556 2226 1602 esse
2242 1559 2327 1627 par·

292 1562 472 1633 moderate
493 1557 669 1650 explicant
686 1561 763 1628 sine
779 1561 877 1648 regni
896 1560 1099 1651 cupiditate.
1151 1560 1281 1652 Scripsi

292 1673 409 1731 autem
437 1683 496 1745 ea,
538 1684 628 1753 quae
654 1656 830 1730 Ecclesiae
854 1659 923 1730 Dei
953 1663 1138 1753 profutura
1170 1685 1284 1754 spero,

290 1762 495 1856 quicunque
508 1763 649 1831 taudem
665 1761 814 1852 imperia
831 1776 865 1831 et
879 1787 961 1852 opes
977 1764 1160 1836 tenebunt.
1211 1763 1284 1833 Nec

292 1866 542 1933 immoderatas
570 1865 813 1933 contentiones
846 1865 991 1952 probavi
1023 1865 1096 1933 ulla
1124 1864 1161 1933 in
1185 1879 1283 1954 parte

290 1988 468 2056 unquam,
503 1967 563 2035 sed
588 1965 788 2049 incastris,
828 1964 865 2033 in
891 1967 1019 2057 quilms
1039 1990 1136 2044 sum,
1177 1967 1284 2035 luisse

290 2091 348 2135 me
363 2080 397 2137 et
413 2089 486 2133 esse
501 2066 682 2137 conliteor.
729 2065 852 2158 Neque
866 2079 982 2137 tamen
998 2068 1075 2136 loco
1089 2064 1282 2137 Ecclesiam

289 2152 365 2237 rino
389 2167 638 2236 circumscribo
661 2180 720 2235 aut
744 2167 915 2237 inclusam
945 2192 1018 2238 esse
1049 2169 1181 2253 sentio;
1223 2171 1282 2249 sed

291 2270 425 2360 ubique
444 2282 618 2362 terrarum
639 2270 772 2339 multos
795 2271 908 2338 bonos
930 2283 964 2338 et
988 2272 1177 2359 prudentes
1200 2293 1283 2351 esse,
1378 2329 1386 2345 .

291 2364 355 2464 qui
371 2382 404 2437 et
420 2385 511 2438 recte
526 2370 701 2452 sentiunt,
727 2383 761 2440 et
776 2393 857 2438 vere
873 2366 987 2439 Deum
1005 2371 1182 2443 invocant.
1210 2369 1284 2460 Qui

290 2470 447 2554 etiamsi,
487 2483 659 2563 quantum
691 2471 853 2554 vellent,
880 2471 1002 2541 iuvare
1034 2473 1215 2542 doctrinae
1251 2487 1284 2543 et

290 2572 498 2662 disciplinae
511 2572 794 2640 emendationem
812 2596 885 2640 nou
900 2587 1064 2664 possunt,
1090 2589 1210 2644 tamen
1223 2597 1284 2664 ge-

288 2676 399 2756 mitu,
433 2688 468 2743 et
486 2673 729 2742 moderatione
751 2674 982 2743 consiliorum
1006 2677 1216 2759 ostendunt,
1247 2698 1283 2745 se

289 2788 384 2846 recte
406 2776 545 2848 sentire.
595 2771 673 2873 llos
694 2799 833 2867 quoque
854 2776 996 2867 probari
1012 2774 1089 2846 Deo
1111 2777 1284 2866 significat

288 2871 472 2962 Ezechiel,
504 2874 567 2946 ubi
584 2900 652 2944 vox
668 2876 788 2945 divina
806 2877 903 2967 parci
926 2876 1025 2948 iubet
1046 2878 1108 2962 iis,
1139 2877 1200 2970 qui
1222 2901 1284 2966 ge·

288 2992 394 3052 munt
418 2991 562 3069 propter
585 2971 805 3068 prophanata
829 2976 969 3067 templa.
1020 2975 1193 3050 Existimo
1218 3004 1283 3050 au-

237 3165 240 3172 ·
289 3093 361 3149 tem
376 3093 566 3179 tequoque
582 3077 620 3145 iu
637 3100 678 3148 eo
695 3102 844 3148 numero
860 3101 945 3152 esse.
991 3078 1111 3169 Quare
1127 3093 1161 3151 te
1178 3094 1213 3151 et
1226 3080 1283 3150 di-

287 3181 361 3271 ligo
386 3195 420 3250 et
445 3180 632 3258 colendum
659 3182 760 3252 duco.
818 3175 896 3251 Etsi
929 3193 1044 3251 autem
1073 3176 1287 3251 horribilem.

288 3280 514 3366 discordiam,
541 3304 631 3373 quae
646 3282 784 3364 exarsit,
808 3275 975 3352 humanis
988 3283 1146 3354 consiliis
1160 3283 1280 3353 dirimi

289 3408 365 3453 non
388 3406 488 3476 posse
510 3382 691 3466 videmus,
727 3397 845 3453 tamen
867 3383 1009 3468 interim
1022 3381 1280 3471 eritEcclesia3

287 3480 374 3554 huic
390 3483 521 3553 servire
537 3483 731 3576 poterimus
749 3483 840 3565 veris
857 3484 980 3552 olliciis
995 3485 1099 3554 etiam
1116 3487 1202 3555 dum
1219 3484 1282 3556 alii

289 3589 334 3655 de
353 3585 475 3676 regnis
494 3585 675 3656 dimicant.
734 3580 900 3675 Optarim
923 3585 1031 3674 igitur
1053 3611 1110 3655 me
1138 3611 1280 3680 quoque

286 3689 498 3758 servientem
519 3685 744 3755 mediocriter
764 3687 802 3753 iu
820 3686 1051 3778 explicatione
1067 3692 1280 3758 necessariae

288 3790 470 3859 doctrinae
485 3787 552 3860 tibi
566 3811 639 3857 non
656 3786 862 3877 improbari.

388 3918 486 3989 Haec
500 3917 623 4010 scripsi
639 3919 682 3987 ad
698 3932 750 4001 te,
776 3940 856 3987 cum
866 3911 1159 4019 lucebimusVir
1173 3914 1282 4013 Opti-

287 4047 367 4093 mus
397 4022 522 4114 tuique
548 4019 807 4089 amantissimus
837 4020 905 4090 iter
932 4021 976 4089 ad
999 4034 1034 4091 te
1057 4035 1281 4111 suscepturus

289 4139 395 4203 esset,
420 4136 477 4206 ut,
498 4145 578 4191 cum
596 4134 715 4190 nostra
733 4121 799 4189 tibi
815 4121 1019 4192 coniunctio
1034 4135 1118 4192 nota
1135 4121 1198 4207 sit,
1224 4146 1280 4192 me

290 4236 430 4318 quoque
445 4222 512 4292 tibi
529 4223 824 4295 commendarem.
875 4219 967 4320 Nam
983 4224 1088 4293 illum
1103 4237 1144 4294 ut
1159 4236 1279 4295 tueare

288 4341 323 4398 et
345 4325 532 4407 defendas,
564 4317 675 4393 habes
700 4345 823 4413 graves
847 4346 977 4395 causas.
1026 4322 1118 4397 Nota
1141 4324 1281 4396 esttibi

286 4427 399 4519 ipsius
414 4425 546 4510 virtus,
572 4438 654 4494 nota
672 4425 847 4511 eruditio,
873 4439 959 4497 nota
973 4425 1147 4496 rectitudo
1163 4425 1280 4497 consi-

287 4530 421 4598 liorum
444 4527 483 4595 in
503 4527 601 4595 omni
626 4524 753 4598 officio.
802 4522 851 4597 Et
871 4526 961 4596 bene
985 4527 1113 4597 mereri
1133 4516 1214 4596 euni
1236 4529 1281 4596 de
1334 4548 1338 4554 ·

2278 304 2330 378 92

2116 482 2129 541 (
2137 480 2185 540 his
2210 479 2313 555 dieb.)

2110 569 2324 609 Μ

1342 447 1410 525 Νο.
1424 450 1539 521 2683.

1337 549 1422 575 *a*
1432 552 1543 580 ‹rm-a

1657 641 1719 728 lo.
1748 642 2000 735 Mottlaesio.

1402 809 1486 881 Epist.
1502 809 1551 865 lib.
1567 813 1600 867 tl.
1618 833 1646 885 p.
1663 818 1707 871 90.
1727 818 1783 885 (ed.
1797 819 1888 877 Lond.
1903 822 1951 880 lib.
1964 823 1999 879 ll.
2018 845 2061 899 ep.
2074 827 2128 896 75.)

1535 967 1591 1041 D.
1613 966 1831 1046 Iohanni
1854 975 2124 1054 Matthesio

1367 1152 1377 1173 .
1404 1108 1449 1180 D.
1500 1109 1575 1181 Etsi
1594 1114 1664 1182 lato
1682 1117 1834 1206 quodam
1854 1118 1999 1188 ultimae
2015 1124 2140 1192 mundi
2157 1136 2327 1215 senectae,

1333 1206 1514 1305 Principes
1536 1214 1728 1284 dilacerant
1753 1220 1874 1287 orbem
1899 1234 2070 1291 terrarum
2096 1226 2240 1299 insulsis
2264 1257 2327 1302 cu·

1334 1312 1542 1408 piditatibus
1558 1330 1591 1384 et
1612 1318 1785 1387 consiliis:
1819 1334 1936 1389 tamen
1963 1328 2058 1415 quod
2080 1328 2239 1399 existimo
2264 1356 2326 1423 ge-

1333 1437 1401 1485 nus
1418 1412 1613 1485 humanum
1629 1441 1702 1485 non
1719 1434 1835 1490 ortum
1854 1416 1927 1491 esse
1944 1448 2043 1508 casu,
2075 1431 2133 1496 sed
2150 1431 2325 1504 divinitus
2374 1464 2381 1472 ·

1332 1632 1402 1697 tem
1418 1643 1492 1688 non
1505 1618 1648 1704 dubito,
1675 1646 1764 1714 quae
1778 1620 1893 1693 Deum
1911 1626 2073 1700 celebret.
2124 1629 2200 1704 Hac
2213 1660 2274 1728 spe
2291 1651 2327 1709 et

1333 1721 1531 1791 studiorum
1552 1724 1838 1813 propagationem
1858 1727 1970 1796 bonos
1985 1729 2079 1800 viros
2098 1737 2188 1803 lueri
2213 1739 2326 1814 decet.

1334 1819 1453 1911 Quare
1471 1823 1693 1892 confirmabis
1705 1826 1846 1895 ‘animos
1864 1829 1995 1897 civium
2014 1843 2166 1904 tuorum.
2218 1836 2325 1910 Hunc

1335 1916 1544 1990 Iohannem
1562 1919 1780 1993 Saluianum
1808 1945 1930 1997 natum
1957 1931 1993 1999 in
2009 1929 2148 2003 Noricis
2163 1932 2331 2030 Alpibus,

1335 2025 1541 2093 accersitum
1572 2025 1662 2095 istuc
1697 2031 1740 2096 ad
1775 2054 1903 2098 munus
1938 2027 2220 2126 hypodidascali,
2258 2042 2328 2112 tibi

1335 2128 1561 2205 commendo,
1589 2141 1691 2220 teque
1708 2152 1793 2216 rogo
1809 2145 1847 2200 ut
1866 2133 1951 2201 meis
1968 2136 2085 2219 verbis,
2102 2146 2328 2213 commendes

1335 2252 1415 2296 eum
1440 2229 1667 2315 gubernatori
1689 2226 1830 2300 scholae
1856 2248 2008 2316 vestrae,
2043 2240 2086 2306 ad
2108 2265 2213 2332 quem
2236 2244 2325 2314 scri-

1335 2352 1478 2418 psissem
1501 2342 1534 2397 et
1558 2331 1651 2420 ipse,
1686 2332 1715 2399 si
1740 2334 1817 2421 plus
1841 2331 1928 2403 mihi
1951 2337 2018 2406 ocii
2035 2340 2168 2416 fuisset.
2219 2342 2326 2416 Valet

1335 2425 1393 2498 hic
1408 2424 1600 2499 Iohannes
1617 2433 1777 2522 ingenio,
1811 2448 1845 2504 et
1869 2432 2027 2507 honestis
2049 2442 2209 2514 moribus
2223 2471 2325 2536 prac-

1335 2532 1430 2601 ditus
1445 2546 1513 2616 est,
1545 2547 1578 2603 et
1594 2537 1746 2625 quadam
1762 2537 1931 2606 civilitate
1950 2564 2055 2633 quam
2071 2559 2183 2614 restra
2200 2548 2326 2619 civitas

1334 2632 1498 2725 requirit.
1548 2630 1644 2703 Audi
1664 2659 1785 2706 recens
1805 2638 1937 2707 factum
1951 2636 2191 2734 Lotharingici
2207 2652 2327 2720 cuius-

1335 2734 1415 2802 dam
1432 2730 1596 2819 Domini,
1630 2736 1692 2829 qui
1715 2761 1868 2827 egressos
1892 2740 1983 2810 cives
1999 2741 2174 2816 Metenses
2188 2751 2327 2844 aliquot

1334 2835 1430 2904 viros
1445 2837 1659 2906 etmulieres
1674 2838 1713 2907 iu
1735 2840 1892 2909 vicinum
1918 2844 2089 2934 oppidum
2110 2851 2153 2917 ad
2176 2854 2326 2922 audien-

1334 2939 1420 3007 dum
1454 2940 1738 3010 concionatorem
1776 2941 1875 3033 pium
1915 2949 2107 3035 oppressit,
2149 2951 2327 3024 interiecit

1334 3036 1467 3109 multos
1479 3040 1576 3110 viros
1588 3053 1625 3110 et
1635 3032 1823 3126 mulieres,
1857 3046 2066 3117 mulieribus
2083 3054 2231 3140 pervim
2247 3069 2325 3126 stu-

1334 3163 1397 3229 pra
1418 3139 1534 3211 oblata
1559 3154 1653 3215 sunt.
1713 3140 1791 3214 Hoc
1815 3148 1921 3214 modo
1949 3149 2078 3238 polluit
2108 3150 2234 3243 pascha
2264 3158 2326 3226 ille

1334 3238 1536 3334 Tyrannus.
1588 3241 1647 3313 Sic
1666 3242 1825 3315 irritatur
1839 3243 1934 3316 Deus
1951 3251 2085 3338 studio,
2111 3257 2196 3324 dum
2213 3255 2326 3328 Turci

1333 3342 1468 3412 suntin
1486 3358 1686 3436 conspectu.
1737 3346 1833 3419 Deus
1848 3351 1940 3421 adsit
1955 3353 2070 3423 nobis.
2121 3353 2219 3427 Bene
2235 3360 2325 3434 vale.

1333 3441 1491 3514 Salutem
1505 3459 1592 3537 opto
1606 3447 1809 3519 doctissimo
1828 3450 1903 3520 viro
1922 3449 1965 3523 D.
1977 3448 2122 3525 Naevio
2139 3473 2172 3530 et
2181 3458 2325 3530 Guber-

1333 3544 1451 3617 natori
1465 3540 1615 3621 scholae.

1340 3750 1468 3765 ..ιο-ι·-
1481 3736 1604 3764 -οῷ-..ι-
1613 3754 1729 3765 ιιι-ιι*
1738 3757 1781 3768 ..-

1333 3885 1529 4012 Q.

1702 4075 1760 4158 H.
1790 4072 1954 4168 Bonno.

1398 4243 1662 4390 †el13)p'⁵ppogcspbo
1691 4258 1718 4303 et
1741 4255 1900 4330 autographi
1923 4257 1998 4315 lacto
2021 4259 2051 4315 in
2074 4259 2138 4318 eorl.
2161 4259 2246 4344 Goth.
2264 4263 2323 4319 189.

1591 4471 1863 4552 Hermanno
1889 4479 2064 4555 Bonno.

286 4627 428 4724 Repub.
457 4628 565 4696 vides·
632 4624 732 4696 Talis
764 4624 828 4695 Vir
855 4629 900 4698 ab
927 4628 1094 4698 omnibus
1122 4623 1281 4698 honestis
1330 4579 1376 4673 s·
1399 4599 1445 4677 D·
1496 4603 1736 4700 s²⁹l¹⁶¹¹¹¹¹¹⁰2
1763 4616 1894 4706 ⁰P¹i¹¹¹e
1917 4614 2326 4710 eld⁰⁰fi⁵³f¹¹¹⁸B⁰ml⁶2

288 4730 458 4800 acerrime
479 4730 759 4819 propugnandus
782 4742 867 4802 erat.
917 4727 971 4798 Te
993 4728 1137 4820 quidem
1160 4730 1192 4798 ei
1207 4748 1282 4799 non

255 4825 494 4903 'defuturum
511 4853 583 4900 esse
597 4831 680 4904 scio.
731 4827 828 4897 Bene
843 4829 932 4901 vale.
985 4829 1030 4902 X.
1048 4826 1193 4924 Aprilis.

659 5107 660 5111 Ἰ
767 4954 1230 5060 ,PhssiPPmM‘hmhw'
1314 5028 1441 5081 ,mauu
1454 5009 1571 5101 ipsum
1586 5017 1799 5105 praeteriens
1813 5035 1982 5112 protegat.
2014 5023 2213 5114 Significari
2227 5030 2323 5098 enim

1333 4704 1447 4794 cogito
1460 4707 1505 4775 de
1520 4710 1683 4781 mirando
1697 4719 1911 4806 spectaculo,
1947 4723 2042 4811 quod
2068 4721 2105 4789 in
2127 4725 2240 4809 exodo
2260 4726 2324 4796 de·

1333 4805 1511 4891 scribitur,
1536 4813 1600 4879 ubi
1613 4809 1709 4883 Deus
1726 4839 1762 4884 se
1777 4815 1872 4887 Mosi
1888 4822 2041 4901 ostendit
2055 4823 2161 4893 stanti
2176 4822 2214 4892 in
2230 4847 2325 4914 saxo,

1333 4930 1372 4976 ac
1388 4908 1621 4981 transiturum
1635 4937 1671 4983 se
1686 4939 1777 5002 esse,
1809 4919 1927 5013 iuquit
1943 4917 2073 5017 (Exod.
2089 4921 2166 5018 33.)
2182 4926 2250 5007 ita,
2283 4942 2325 5001 ut

1334 5109 1472 5197 iudico,
1493 5110 1609 5184 Deum
1626 5121 1775 5190 transire
1792 5147 1854 5214 per
1867 5125 2068 5194 universam
2085 5128 2212 5197 mundi
2227 5145 2323 5218 aeta-

1334 5224 1428 5295 tem,
1450 5226 1487 5282 et
1501 5214 1570 5317 sibi
1585 5217 1750 5309 colligere
1765 5223 1964 5309 ecclesiam,
1996 5251 2087 5318 quae
2100 5240 2169 5300 stat
2185 5230 2224 5298 in
2238 5253 2322 5302 saxo

1334 5324 1368 5382 et
1388 5335 1499 5384 manu
1514 5313 1581 5386 Dei
1603 5315 1819 5410 protegitur,
1858 5323 1934 5394 Hac
1954 5328 2175 5419 protectione
2194 5344 2229 5402 et
2252 5327 2324 5403 hu·

1334 5412 1390 5485 ius
1407 5415 1501 5507 saxi,
1522 5411 1590 5488 hoc
1605 5434 1658 5491 est
1668 5416 1822 5515 Christi,
1850 5424 2062 5519 cogitatione
2080 5433 2247 5505 consolor
2266 5458 2324 5503 me
