4868 6420
193 391 268 477 aas
486 423 495 436 ι
775 352 1203 471 aersronaauu
1267 398 1477 477 eruta.
1530 397 1664 472 raas.
2157 401 2234 474 ero

194 593 274 640 mus
296 568 356 653 sit,
390 569 686 662 quemadmodum
712 584 744 640 et
767 571 853 638 olim
868 570 1085 639 circumcisio
1101 582 1186 649 erat,
1243 595 1304 641 nas
1327 572 1505 656 miserias,
1533 572 1595 664 qui
1613 571 1792 639 neminem
1816 594 1834 638 a
1857 593 1917 638 sua
1941 567 2095 639 excludit
2110 571 2235 659 gratia,

194 671 461 742 benevolentiae
484 695 524 740 ac
547 672 793 762 promissionis
816 672 957 740 divinae
978 672 1118 742 visibile
1135 686 1188 741 te·
1242 687 1274 742 ct
1291 674 1495 742 universum
1518 674 1557 741 in
1574 669 1691 742 Adam
1711 672 1916 740 mortalium
1937 693 2048 759 genus
2072 673 2115 740 ad
2137 674 2234 743 salu·

193 773 421 856 stimonium,
446 796 508 841 seu
524 768 696 871 σφραγίς.
1022 837 1025 850 ,
1241 789 1310 844 tem
1328 775 1488 844 condidit
1503 775 1727 866 nominisque
1744 774 1799 841 sui
1813 773 1962 860 gloriam
1978 773 2232 860 immortalem3

299 871 351 942 De
376 869 613 944 Ethnicorum
636 875 831 944 infantibus
855 898 931 943 rem
954 875 1021 945 tibi
1043 899 1106 965 per
1120 869 1189 941 Al.
1241 879 1301 945 sed
1327 878 1569 946 voluntarium
1594 876 1633 943 in
1661 900 1699 943 ea
1731 874 1962 944 multitudine
1993 886 2233 966 contemptum

196 972 336 1045 bertum
353 990 513 1046 nostrum
529 993 728 1066 proponere
743 977 822 1044 ideo
840 977 955 1057 volui,
990 990 1030 1045 ut
1046 975 1132 1068 quid
1149 990 1187 1045 tu
1241 979 1502 1064 ‹lamnari,'ut,
1536 981 1622 1046 dum
1644 978 1798 1045 oblatam
1815 976 1963 1065 gratiam
1979 976 2152 1045 destinata
2166 1002 2256 1046 vor

181 1073 507 1148 'hicsentiasscire
531 1087 700 1168 possem,
719 1103 757 1146 ac
779 1103 819 1146 ex
843 1092 903 1148 tua
926 1078 1099 1147 sententia
1123 1080 1190 1147 do·
1240 1084 1377 1150 lunsate
1402 1080 1612 1162 contemnit,
1647 1079 1692 1146 ab
1718 1078 1779 1147 illa
1799 1079 1869 1146 fide
1896 1077 2050 1161 excidat,
2090 1081 2150 1147 sed
2173 1079 2231 1146 in·

103 1232 106 1244 .
196 1180 346 1248 ctrinam
380 1203 494 1248 meam
528 1181 671 1247 demum
706 1182 918 1250 moderarer.
986 1178 1090 1249 Nunc
1123 1180 1189 1248 etsi
1241 1183 1361 1266 terim,
1393 1184 1449 1250 vel
1471 1182 1601 1265 invita,
1628 1179 1758 1269 gloriae
1772 1176 1840 1248 Dei
1857 1179 2003 1262 serviat,
2036 1204 2075 1247 ae
2097 1203 2231 1270 poena·

195 1281 292 1350 idem
309 1282 379 1348 iam
395 1304 531 1348 mecum
547 1282 755 1369 cogitaram,
787 1296 862 1350 tum
878 1306 941 1372 per
957 1296 990 1351 te
1006 1283 1109 1354 etiam
1126 1283 1189 1348 ad·
1240 1308 1319 1352 rum
1338 1298 1559 1353 aeternarum
1577 1282 1822 1371 magnitudine
1839 1294 2003 1363 testetur,
2034 1277 2150 1350 Deum
2166 1282 2232 1351 do-

196 1383 357 1478 monitus
377 1378 469 1449 nihil
494 1377 600 1453 huius
625 1383 776 1474 amplius
800 1377 999 1478 docebo*),
1032 1386 1189 1473 praeser-
1239 1387 1377 1454 minum
1393 1387 1507 1454 solum
1523 1407 1616 1465 esse,
1647 1407 1751 1474 quem
1774 1396 1815 1451 ut
1837 1395 1970 1472 patrem
1994 1382 2233 1471 indulgentis·

196 1485 260 1555 tim
279 1508 359 1553 cum
374 1495 432 1552 tua
449 1496 600 1566 statuas,
630 1509 708 1553 eam
733 1485 929 1554 doctrinam
954 1479 1022 1552 hoc
1047 1484 1188 1574 potissi·
1240 1487 1368 1555 simum
1385 1489 1503 1556 oblata
1519 1485 1556 1553 in
1572 1481 1715 1555 Christo
1737 1485 1884 1552 domino
1910 1485 2021 1552 salute
2043 1507 2232 1572 agnoscere

195 1611 295 1654 mum
315 1599 491 1674 tempore,
525 1587 668 1656 nonita
693 1588 844 1654 multum
867 1586 979 1655 facere
1004 1583 1188 1655 adEccle-
1241 1590 1395 1660 nolebat.
1453 1586 1639 1657 Caeterum
1661 1600 1702 1655 ut
1724 1580 1808 1654 huic
1829 1585 2053 1654 multitudini
2077 1587 2231 1656 infantes

196 1688 267 1756 siae
303 1686 603 1770 aedificationem,
644 1688 781 1757 etiamsi
811 1711 893 1755 vera
927 1701 1025 1759 esset.
1084 1684 1190 1756 Absit
1242 1714 1383 1781 quoque
1407 1690 1648 1769 includamus,
1680 1687 1718 1754 id
1737 1712 1821 1755 vero
1845 1711 1919 1754 non
1943 1688 1989 1754 ita
2012 1682 2101 1754 mihi
2120 1688 2234 1771 facile,

196 1803 315 1858 autem
330 1782 525 1872 hocame‚
547 1788 596 1856 mi
608 1784 791 1880 philippe,
825 1804 865 1860 ut
887 1812 949 1879 ego
973 1789 1059 1857 novi
1078 1789 1189 1857 alicu·
1241 1805 1283 1860 ut
1302 1793 1455 1880 ingenue
1476 1815 1598 1859 verum
1622 1789 1750 1872 fatear,
1785 1788 2004 1878 escripturis
2025 1789 2233 1877 praesertim

196 1890 252 1960 ius
278 1889 452 1979 dogmatis
479 1903 582 1960 autor
602 1897 675 1959 e'sse
703 1892 826 1974 velim,
864 1892 960 1983 quod
985 1892 1188 1980 praesertim
1241 1894 1446 1983 persuaderi
1480 1887 1596 1960 adhuc
1629 1913 1790 1981 possum3
1831 1890 1904 1957 imo
1936 1914 2020 1957 vero
2052 1889 2234 1958 diversum

196 2015 293 2061 nunc
324 1992 507 2082 perturbet
537 2017 681 2083 quoquo
714 1995 819 2062 modo
840 1989 1077 2061 Ecclesiarum
1102 2017 1189 2060 con·
1242 1991 1332 2063 mihi
1350 1996 1513 2083 colligere
1529 2015 1629 2083 posse
1646 1993 1780 2062 videor.
1831 1989 1899 2060 Sed
1918 2004 2054 2074 tamen,
2078 1993 2129 2059 mi
2145 1988 2235 2062 Phi-

197 2094 377 2178 cordiam,
416 2106 477 2162 aut
506 2093 580 2162 sola
608 2079 765 2162 humana
792 2089 1020 2185 philosophia
1044 2095 1189 2162 nitatur.
1242 2096 1355 2186 lippe,
1393 2096 1546 2164 libenter
1579 2087 1638 2161 hic
1671 2116 1796 2185 sequar
1830 2093 2153 2183 iudicium-tuum:
2199 2106 2235 2164 et

197 2192 362 2285 Agnosco
378 2218 492 2262 meam
507 2195 582 2286 ipse
607 2197 827 2277 coecitatem,
862 2200 958 2287 quod
978 2199 1022 2264 ad
1042 2197 1189 2264 rationis
1241 2212 1468 2289 posteaquam
1485 2211 1525 2266 tu
1539 2194 1691 2277 iudicas,
1721 2193 1846 2265 utilem
1863 2195 2234 2264 nonforenunceam

198 2297 371 2366 iudicium
389 2296 524 2367 attinet.
565 2292 613 2364 Et
629 2297 809 2365 ineffabile
826 2299 914 2366 illud
931 2295 998 2366 Dei
1013 2312 1084 2388 opt.
1097 2296 1188 2368 mair.
1243 2301 1462 2386 doctrinam,
1489 2300 1518 2366 si
1532 2309 1735 2386 urgeretur,
1766 2319 1826 2365 ero
1844 2311 1878 2365 et
1893 2318 1955 2383 ego
1971 2286 2137 2388 deinceps
2151 2322 2234 2367 mu-

196 2422 278 2487 erga
303 2393 500 2466 humanum
520 2419 629 2485 genus
656 2399 886 2481 beneficium,
926 2424 996 2490 quo
1023 2422 1058 2467 se
1085 2399 1189 2466 nobis
1242 2417 1316 2486 tus,
1352 2403 1464 2469 donec
1487 2401 1524 2468 id
1546 2399 1641 2468 inter
1662 2420 1728 2466 nos
1749 2399 1856 2466 semel
1879 2398 2070 2490 aliquando
2092 2399 2148 2493 vel
2172 2423 2233 2468 co-

197 2499 297 2569 verbi
326 2499 382 2566 soi
412 2498 526 2566 divini
557 2499 759 2570 testimonio
789 2501 967 2591 patefecit,
1009 2501 1099 2570 tanti
1125 2524 1188 2590 pro
1241 2528 1337 2588 ram,
1370 2504 1467 2594 quod
1487 2501 1638 2570 maxime
1662 2499 1832 2591 optarim,
1864 2500 1922 2567 vel
1943 2524 2008 2590 per
2030 2499 2149 2569 literas
2173 2524 2234 2568 ex-

195 2626 275 2671 mea
293 2600 496 2669 infirmitate
512 2602 605 2692 apud
624 2627 680 2670 me
702 2602 811 2686 facio,
845 2617 885 2672 ut
904 2602 958 2670 illi
983 2603 1051 2671 soli
1072 2603 1190 2670 modis
1243 2607 1427 2676 cutiamus.
1484 2600 1562 2692 Ego
1589 2602 1683 2669 enim
1715 2604 1800 2669 dnm
1824 2614 1858 2670 et
1879 2602 2030 2691 plurima
2053 2614 2088 2669 et
2110 2602 2233 2669 eadem

197 2703 366 2773 omnibus
381 2715 415 2770 et
430 2696 520 2769 mihi
536 2716 571 2772 et
588 2703 667 2771 aliis
683 2704 918 2773 insistendum
937 2717 1068 2794 putem.
1118 2702 1190 2772 Fa·
1242 2707 1369 2776 eximia
1385 2707 1477 2774 dona
1493 2703 1560 2773 Dei
1575 2704 1612 2771 in
1629 2718 1662 2775 te
1677 2704 1835 2786 intueor,
1860 2716 1895 2771 te
1911 2727 2022 2770 unum
2040 2727 2112 2772 esse
2126 2705 2233 2770 ctiam

198 2818 275 2875 teor
290 2806 392 2882 item,
419 2804 620 2896 omnesqui
636 2806 805 2874 traditum
828 2806 956 2875 abillo
980 2819 1014 2875 et
1033 2805 1133 2875 verbi
1155 2819 1190 2875 et
1242 2823 1356 2880 statuo
1372 2808 1465 2900 apud
1482 2831 1587 2899 quem
1603 2805 1785 2875 effundere
1799 2806 1945 2873 debeam
1962 2806 2110 2873 omnino
2126 2805 2233 2897 quid-

198 2917 499 2976 sacramentorum
512 2906 747 2975 ministerium
762 2932 836 2975 non
854 2909 978 2976 volunt
992 2907 1190 3002 agnoscere,
1242 2912 1330 3005 quid
1354 2910 1393 2978 in
1416 2910 1535 2979 animo
1556 2932 1636 2976 meo
1659 2906 1923 2976 dubitationum
1940 2907 2133 2975 oboriatur.
2182 2902 2235 2977 Et

198 3032 257 3076 eos
272 3001 364 3074 nihil
380 3029 523 3096 prorsus
538 3030 653 3100 neque
669 3009 711 3075 ad
726 3004 906 3090 Christum
923 3033 1038 3102 neque
1054 3012 1098 3078 ad
1115 3010 1190 3077 eius
1242 3014 1332 3082 facio
1356 3014 1393 3080 id
1422 3035 1505 3080 sane
1527 3033 1664 3079 summa
1687 3033 1766 3077 cum
1787 3008 1935 3091 fiducia,
1958 3021 2033 3083 tum
2053 3008 2233 3091 libertate;

198 3106 392 3178 Ecclesiam
413 3109 599 3199 pertinere.
652 3107 717 3178 Est
739 3112 834 3178 euim
858 3111 1048 3181 certissima
1068 3112 1188 3199 regula
1243 3140 1281 3183 ea
1299 3138 1378 3206 spe,
1404 3128 1532 3184 utnon
1549 3111 1726 3194 dubitem,
1760 3124 1794 3179 te
1814 3105 1882 3179 hoc
1904 3124 2047 3200 protua
2065 3105 2233 3177 humani-

197 3205 333 3280 Christi
357 3211 436 3279 illa:
471 3207 537 3306 qui
563 3234 636 3279 non
662 3204 853 3280 crediderit
878 3206 1189 3281 condemnabitur.
1242 3231 1313 3286 tate
1328 3239 1463 3308 proque
1478 3209 1669 3283 christiana
1691 3208 1857 3280 charitate
1878 3212 1964 3280 boni
1987 3212 2234 3280 consulturum

197 3309 249 3385 Et
263 3325 400 3384 tantum
417 3311 532 3396 abest,
565 3326 604 3381 ut
625 3313 747 3381 salutis
765 3314 1034 3404 promissionem
1049 3318 1092 3384 ad
1111 3339 1190 3384 coe·
1243 3343 1333 3403 esse,
1358 3318 1468 3410 inque
1483 3317 1653 3406 optimam
1670 3327 1804 3403 partem
1821 3313 2147 3402 interpretaturum.

197 3427 274 3483 tum
307 3414 499 3503 impiorum
523 3415 711 3482 transferre
734 3438 892 3508 unquam
914 3417 1110 3501 voluerim,
1149 3429 1191 3485 ut
1343 3417 1397 3487 De
1413 3440 1521 3488 coena
1536 3417 1673 3486 domini
1687 3417 1821 3503 gaudeo
1836 3415 1900 3484 tibi
1915 3415 2061 3504 probari
2075 3427 2234 3483 nostram

198 3509 268 3584 hoc
290 3515 453 3605 inprimis
475 3515 621 3584 nomine
642 3539 715 3584 non
738 3518 828 3585 bene
852 3511 910 3585 hic
932 3520 1072 3587 audiam
1095 3520 1188 3610 apud
1242 3513 1510 3610 sententiam*).
1574 3515 1719 3588 Utinam
1754 3541 1793 3584 ea
1825 3517 1913 3599 iam,
1954 3541 2038 3606 pace
2062 3515 2232 3595 ,omnium

135 3679 141 3691 .
198 3618 382 3707 imperitos
412 3619 582 3708 quosdam
607 3620 738 3706 gratiae
763 3619 968 3704 lactatores,
1003 3622 1097 3712 quod
1125 3622 1191 3688 do-
1242 3621 1499 3705 Ecclesiarum,
1532 3619 1692 3690 obtinere
1715 3620 1857 3687 demum
1877 3619 1998 3708 possit.
2054 3614 2133 3685 Tua
2154 3639 2235 3686 car·

199 3743 315 3802 ceam,
357 3720 608 3808 promissiones
629 3718 697 3787 Dei
725 3722 769 3789 ad
792 3734 1050 3813 contemptores
1074 3746 1189 3815 neque
1242 3720 1339 3793 mina
1356 3727 1400 3792 de
1417 3721 1520 3791 Mose
1541 3723 1579 3789 in
1595 3744 1742 3789 caverna
1755 3734 1873 3808 petrae
1888 3720 2077 3789 constituto
2088 3711 2167 3811 *'),
2193 3741 2234 3788 ac

200 3820 411 3914 pertinuisse
432 3811 610 3911 unquam,
648 3845 763 3913 neque
788 3847 887 3912 posse
909 3825 1056 3893 omnino
1081 3824 1191 3914 perti·
1243 3827 1624 3915 rursumdepercussa
1644 3845 1707 3913 per
1730 3821 1833 3890 illum
1852 3834 1969 3913 petra,
2001 3843 2235 3909 magnacum

199 3945 296 4006 nere.
346 3920 493 4012 Loquor
508 3934 623 3990 autem
638 3923 682 3989 de
699 3945 740 3990 eo
754 3936 977 4012 contemptu,
1014 3926 1189 4017 quidela-
1244 3930 1423 4017 voluptate
1438 3927 1517 4014 legi.
1568 3923 1677 3993 Plane
1701 3923 1751 3990 sic
1777 3935 1842 3992 est:
1875 3922 1939 4015 qui
1959 3922 1997 3989 in
2023 3922 2108 4011 legis
2123 3920 2234 3989 mini·

199 4037 271 4093 tam
296 4022 334 4090 in
357 4018 500 4091 Christo
524 4023 671 4091 salutem
697 4025 851 4114 spernit,
882 4021 1123 4114 blasphemat,
1157 4040 1191 4097 et
1244 4031 1350 4100 sterio
1366 4027 1584 4119 positiillius
1601 4024 1756 4094 ministri
1777 4024 1891 4093 videri
1912 4025 2056 4108 volunt,
2087 4023 2141 4104 illi
2165 4021 2234 4114 ipsi

199 4124 303 4194 ridet.
360 4122 436 4192 lmo
458 4147 543 4192 vero
565 4119 633 4193 hoc
656 4125 772 4214 ipsum
795 4127 1005 4211 discrimen,
1039 4130 1133 4220 quod
1151 4144 1189 4199 tu
1244 4129 1631 4218 omniumgravissime
1654 4151 1750 4195 nasac
1772 4140 1905 4217 petram
1924 4127 1961 4193 in
1976 4125 2143 4194 membris
2160 4123 2234 4193 suis

203 4227 396 4308 intereos,
432 4226 494 4317 qui
521 4251 642 4294 vocem
664 4224 730 4295 Dei
759 4252 832 4296 sese
861 4229 1099 4318 patefacientis
1128 4254 1191 4298 au·
1243 4234 1393 4314 feriunt,
1425 4228 1510 4300 haec
1533 4254 1640 4320 porro
1664 4230 1732 4297 icta
1752 4252 1879 4320 aquam
1901 4224 2235 4297 nihilominusred-

202 4329 324 4411 diunt,
351 4340 384 4396 et
399 4328 461 4419 qui
476 4327 576 4395 illam
593 4342 841 4423 contemnunt,
868 4333 1093 4400 statuendum
1119 4355 1191 4399 esse
1245 4336 1314 4418 dit,
1342 4335 1448 4428 idque
1465 4346 1561 4402 tanto
1577 4330 1753 4422 copiosius
1767 4328 1902 4421 qdanto
1917 4324 2161 4398 vehementius
2182 4329 2235 4397 fe-

168 4443 319 4521 .putas:
353 4424 421 4497 hoc
445 4430 562 4519 ipsum
585 4430 793 4514 discrimen,
826 4432 988 4524 inquam,
1022 4433 1126 4517 facit,
1152 4447 1191 4503 ut
1245 4438 1346 4509 ritur.
1402 4433 1451 4504 Et
1481 4434 1579 4502 nulla
1605 4434 1718 4502 maior
1740 4432 1934 4501 consolatio
1959 4426 2082 4499 haberi
2105 4442 2235 4520 potest,

202 4528 292 4598 mihi
308 4531 432 4599 videar
448 4553 512 4618 ego
529 4532 573 4599 de
591 4533 751 4601 omnium
768 4534 899 4625 ubique
922 4535 1113 4604 infantium
1135 4559 1191 4603 sa·
1244 4564 1348 4630 quam
1372 4539 1457 4605 dum
1482 4549 1575 4604 certo
1600 4536 1803 4618 statuimus,
1843 4533 1982 4625 protegi
2007 4554 2081 4621 ⁴nos
2113 4532 2235 4600 dextra

203 4633 277 4701 lute
294 4633 385 4701 bene
400 4655 540 4720 sperare
555 4656 673 4722 posse:
707 4636 839 4702 nedum
861 4649 899 4704 ut
921 4636 958 4703 in
980 4632 1072 4704 hane
1095 4638 1190 4724 cogi·
1244 4638 1312 4708 Dei
1340 4654 1524 4731 propterea
1555 4637 1650 4729 quod
1674 4640 1741 4706 'nos
1765 4636 1803 4703 in
1824 4659 1973 4704 caverna
1995 4646 2115 4725 petrae
2136 4631 2234 4702 itlius

203 4734 374 4804 tationem
394 4733 564 4823 'delapsus
586 4734 671 4813 sim,
710 4759 749 4803 ex
773 4735 847 4805 ulla
872 4737 1106 4806 admiratione
1134 4739 1191 4805 in·
1245 4742 1415 4822 invictae,
1466 4764 1554 4832 quae
1590 4739 1700 4806 nullis
1740 4751 1926 4806 ventorum
1965 4748 2028 4805 aut
2060 4734 2236 4804 fluctuum

203 4859 390 4905 numerare
404 4834 501 4903 illius
515 4835 766 4921 multitudinis,
791 4860 896 4928 quam
914 4839 1065 4907 insuam
1083 4841 1191 4928 ipsius
1245 4843 1439 4937 quamlibet
1454 4840 1683 4910 saevientium
1700 4838 1802 4906 iuriis
1817 4839 1894 4907 loco
1911 4861 1976 4906 suo
1997 4835 2134 4922 moveri
2154 4847 2235 4926 pot-

202 4937 395 5028 perniciem
412 4936 497 5005 ferri
511 4950 585 5007 toto
601 4949 774 5008 terrarum
791 4940 877 5008 orbe
892 4941 1063 5009 videmus.
1088 4939 1191 5011 Hanc
1245 4958 1314 5025 est,
1341 4945 1548 5014 constitutos
1564 4965 1637 5011 esse
1652 4942 1823 5008 videmus.
1872 4936 2049 5007 Dominus
2066 4938 2236 5026 adaugeat

204 5039 369 5131 equidem
395 5048 531 5129 semper
552 5040 747 5108 statuebam
767 5041 928 5109 damnari
948 5043 1041 5112 iusto
1059 5044 1190 5114 iudicio
1245 5047 1348 5116 nobis
1361 5070 1436 5114 eam
1453 5044 1577 5122 fidem,
1607 5057 1647 5112 ut
1661 5056 1799 5113 tantum
1814 5041 1911 5110 illius
1928 5039 2139 5110 beneficium
2156 5036 2234 5107 ani·

155 5151 159 5159 ’
202 5137 290 5225 Dei,
321 5165 435 5234 neque
459 5153 576 5210 tamen
598 5143 777 5212 conditam
798 5165 870 5213 esse
890 5167 910 5212 a
927 5142 1003 5213 Deo
1020 5146 1064 5213 ad
1080 5160 1192 5216 aeter·
1244 5149 1313 5218 mis
1329 5148 1458 5217 nostris
1473 5146 1621 5216 firmiter
1635 5146 1845 5237 impressum
1859 5138 1990 5213 babere
2001 5164 2140 5235 semper
2152 5161 2234 5234 pos·

213 5323 421 5339 *¹-

1251 5369 1474 5384 m·-

237 5438 265 5508 ¹⁸¹)
284 5439 323 5521 ¹5¹.
334 5447 424 5492 tamen
443 5437 552 5521 laetum·
563 5459 629 5524 esse·
641 5459 671 5494 es
684 5459 729 5512 ep.
740 5439 767 5496 d.
782 5440 821 5496 15.
834 5439 884 5497 lul.
899 5440 1081 5525 154530011131
1095 5454 1192 5527 potest,
1355 5501 1361 5514 ,
1683 5494 1689 5508 ,

273 5527 324 5562 nssr
336 5517 452 5581 statues,
476 5506 602 5562 Lsslsum
621 5528 673 5564 sam
691 5521 835 5582 antequam
855 5510 921 5565 lasec
939 5514 1070 5567 scriberet
1089 5514 1190 5568 labrum
1277 5499 1306 5569 ¹⁸)
1328 5501 1390 5555 th·
1406 5517 1474 5571 ‘1¹¹²e
1488 5507 1584 5553 0⁰⁰¹¹²
1597 5506 1703 5550 ¹¹¹0ssu¹l
1716 5494 1782 5550 M‘l·
1797 5493 1823 5549 d·
1841 5494 1880 5546 15·
1895 5489 1945 5546 ¹¹¹¹·
1961 5488 2035 5546 ¹⁵45·

271 5577 365 5650 illurn,
383 5587 475 5650 postea
488 5576 521 5632 ad
534 5578 678 5634 Albertum
690 5578 798 5636 Ducem
811 5577 939 5654 missum,
955 5581 1104 5653 scripsisse.
1276 5582 1325 5655 *ἢ
1343 5583 1453 5657 Legitur
1464 5581 1518 5638 boc
1532 5598 1640 5638 carnaco
1654 5581 1683 5634 in
1696 5583 1782 5651 epigr.
1795 5576 1864 5632 Mel.
1881 5577 1946 5648 ps.
