4868 6420
195 272 242 304 Μ.

195 274 268 363 ool

464 416 467 421 ¹
528 456 671 531 lusto
696 442 867 530 Menio.

202 561 246 649 S·
271 580 317 653 D.
344 579 413 651 Dei
434 583 607 652 beneficio
632 577 690 650 hic
712 581 952 672 tranquillitas
976 593 1048 667 est,
1072 591 1107 648 et
1121 603 1196 648 me-

203 685 371 754 diocriter
385 684 516 753 florent
530 684 646 753 studia
663 680 858 755 literarum.
908 681 977 752 Sed
998 677 1054 750 his
1070 683 1195 750 diebus

203 790 345 855 doctum
375 780 559 853 hominem
581 777 796 853 Martinam
821 776 1010 866 Frisium,
1038 784 1101 875 qui
1131 782 1196 850 diu

203 888 354 957 fideliter
371 887 458 955 alios
473 886 621 971 erudiit,
643 876 883 979 amisimus*).
923 881 1058 953 Verum
1072 908 1111 953 ea
1127 882 1196 952 fuit

204 991 297 1061 ritae
310 988 441 1080 pietas,
465 1002 507 1058 ut
522 1002 704 1058 evocatum
719 988 757 1055 in
774 985 959 1055 coelestem
976 980 1133 1055 scholam
1151 984 1196 1052 ad

162 1147 167 1155 ,
205 1091 423 1161 audiendum
446 1084 630 1159 Christum
659 1101 693 1157 et
718 1083 913 1178 Prophetas
939 1101 973 1157 et
996 1082 1199 1179 Apostolos,

205 1216 280 1263 non
295 1191 469 1263 dubitem.

306 1290 360 1362 De
376 1303 553 1361 conventu
577 1282 645 1358 hoc
663 1289 807 1358 scimus:
834 1288 1005 1380 promissa
1029 1302 1112 1358 sunt
1134 1312 1198 1357 au-

206 1394 291 1464 xilia
315 1391 466 1477 Carolo,
499 1404 622 1461 contra
649 1388 773 1461 Gallos
794 1404 827 1460 et
852 1389 979 1459 Gallus
1001 1391 1198 1459 declaratus

207 1510 260 1566 est
281 1490 392 1564 hostis
416 1492 557 1586 imperii
581 1488 801 1563 Germanici.
858 1490 962 1561 Nunc
985 1505 1110 1583 petunt
1132 1515 1199 1558 no-

204 1597 296 1679 stri,
330 1609 370 1666 ut
391 1592 559 1666 Ecclesiis
580 1591 710 1663 nostris
732 1616 797 1685 pax
821 1594 1046 1664 concedatur.
1097 1588 1197 1660 Dio-

206 1690 433 1793 nysium**),
448 1695 656 1766 Macedouis
670 1691 979 1778 Concionatorem,
1003 1693 1109 1763 audio
1126 1715 1198 1762 esse

140 1867 147 1872 .
206 1811 408 1883 mortuum,
434 1812 469 1868 et
482 1798 603 1881 doleo;
630 1819 713 1865 nam
733 1788 984 1889 Lennigemm
1003 1819 1099 1864 nnnc
1121 1819 1198 1864 ma-

207 1900 260 1990 gis
276 1913 407 1969 metuo.
457 1897 565 1968 Mitto
583 1897 648 1968 tibi
665 1909 699 1967 et
714 1894 937 1991 Hieronymo
955 1898 1115 1981 libellos,
1142 1895 1200 1965 cui

207 2001 390 2070 excusabis
405 2022 479 2080 me,
506 2001 601 2091 quod
620 2021 721 2067 nunc
736 2023 811 2066 non
826 1999 958 2084 scribo;
986 2021 1080 2067 eram
1104 1999 1199 2065 enim

207 2094 400 2172 admodum
411 2112 615 2189 occupatus.
666 2096 763 2168 Bene
777 2101 874 2186 vale,
897 2101 955 2168 die
977 2102 1035 2172 17.
1053 2095 1200 2189 Aprilis,

207 2227 279 2296 quo
293 2216 374 2272 a'nte
391 2224 503 2271 annos
514 2196 613 2273 8846
629 2199 708 2270 Noa·
724 2215 824 2291 pater
837 2202 877 2269 in
890 2225 1006 2270 arcam
1024 2200 1201 2289 ingressus

208 2318 277 2383 est,
325 2326 396 2395 qua
422 2302 576 2391 imagine
604 2303 761 2371 ostendit
793 2298 978 2387 Christus,
1020 2303 1200 2393 quomodo

208 2427 348 2495 semper
380 2402 592 2483 servaverit,
634 2416 671 2471 et
694 2417 898 2473 servaturos
923 2404 968 2473 sit
997 2400 1202 2486 Ecclesiam,

205 2506 356 2595 imperia
370 2528 453 2574 vero
470 2503 592 2572 obruit
607 2516 753 2596 propter
765 2505 891 2575 mundi
905 2505 1054 2577 furores.
1104 2502 1202 2573 Bene

209 2607 297 2677 vale.

721 2702 909 2800 Philippus
925 2701 1151 2779 Melanthon.

208 3049 276 3126 No.
293 3051 406 3125 292³.

215 3147 386 3179 w„
917 3057 1204 3176 cn

579 3195 828 3309 Prnffatio.

260 3379 433 3449 (Secundum
453 3377 485 3432 Μ
506 3376 534 3431 lii
553 3376 764 3450 chronologiam
785 3378 950 3449 scriptorum
968 3377 1153 3435 Melanthonis
1169 3379 1202 3435 ad

298 3451 439 3503 bannum
491 3445 619 3500 elantbon
636 3446 743 3516 scripsit
765 3447 985 3517 „praelationem
1004 3447 1032 3511 io
1052 3449 1204 3503 arithmeti-

298 3535 360 3572 cam
384 3513 515 3570 loaebimi
533 3513 676 3568 Ammonii
697 3514 872 3579 Nissensis'',
897 3517 950 3571 dat.
972 3516 999 3569 d.
1023 3518 1063 3573 1⁷.
1079 3521 1146 3590 Apr.
1167 3546 1204 3562 -·

297 3582 366 3639 Mihi
388 3601 451 3638 sero
473 3601 530 3636 non
548 3584 679 3652 contigit,
696 3582 769 3636 bunc
787 3582 888 3637 librum
906 3584 1006 3640 ridere.
1041 3584 1140 3642 Nescio
1152 3605 1202 3642 au·

297 3660 352 3702 tem
367 3670 400 3702 aa
418 3670 473 3702 non
487 3649 592 3720 Mylius
605 3650 748 3719 pagellam,
765 3667 846 3720 quarn
862 3650 930 3704 inira
944 3653 1067 3708 dedimus
1079 3654 1113 3708 ad
1128 3654 1201 3708 diem

295 3718 341 3772 29.
354 3716 448 3786 Septi).
463 3715 489 3772 h.
505 3734 529 3770 a.
543 3714 658 3771 fortasse
671 3716 767 3770 dixerit
782 3718 996 3790 praelationem.)

380 4218 589 4323 Brentius
619 4221 682 4304 nd
708 4222 1036 4309 Metanttonem.

234 4452 248 4460 .
278 4370 347 4450 †tt=
362 4395 456 4450 apogr.
467 4375 498 4430 in
514 4378 574 4433 cod.
589 4377 674 4433 Paris.
693 4377 728 4434 D.
745 4379 775 4434 t.
792 4378 852 4435 stt.

79 4579 86 4586 -
211 4527 1205 4634 ClarissimoviroD.PhilippoMelanthoni,

350 4631 506 4707 Maiori
517 4661 584 4707 sno
605 4636 643 4706 in
662 4627 815 4707 Christo
833 4637 1069 4712 observando.

214 4741 259 4828 S·
286 4755 325 4823 in
346 4751 499 4827 Christo.
552 4755 685 4826 Misisti
711 4752 776 4826 hoc
800 4782 895 4826 antro
918 4763 1035 4829 adme
1064 4762 1203 4833 crebras

215 4856 334 4926 literas
348 4870 424 4927 tuas
440 4858 563 4948 plenas
579 4853 820 4931 humanitatis.
872 4859 943 4929 Nee
966 4857 1033 4931 hoc
1056 4878 1204 4935 conten-

212 5034 423 5063 ι--ι-ο-ὰ-ι-

248 5151 279 5220 Ψ)
297 5149 403 5232 Scripta
417 5151 490 5223 publ.
505 5150 544 5235 '‘l'.
560 5152 579 5206 l.
596 5170 620 5222 p.
634 5152 700 5236 ⁸th
735 5154 887 5236 „peeessit
901 5155 950 5227 bae
969 5169 1058 5239 nocte·
1073 5157 1203 5229 Magister

283 5220 1203 5358 htttttlttttttttlt'tttt'ltlt'tttt‘t'tltsltttt

285 5367 336 5410 ete.
356 5383 388 5398 -
423 5355 477 5409 Die
492 5371 592 5412 coenae
607 5359 722 5412 domini.
743 5378 816 5413 anno
831 5361 904 5416 154⁴.
913 5368 930 5397 't

247 5439 295 5508 *ἢ
314 5440 397 5494 Dion.
411 5440 593 5495 Melandrum.

811 273 1209 368 atstotanun
1265 272 1372 365 uta.
1410 272 1476 365 IX.
1525 273 1662 362 till.

2163 269 2240 347 868

1247 471 1322 543 tus,
1346 455 1515 528 addidisti
1529 455 1602 525 fere
1615 477 1753 546 semper
1768 449 1991 525 chartaceum
2007 442 2152 548 aliquod
2165 467 2239 525 teat—

1246 553 1398 652 μήλιον,
1426 557 1556 651 quibus
1580 556 1687 626 rebus
1711 557 1851 626 animus
1871 580 1990 640 meus,
2017 556 2125 625 variis
2140 550 2238 644 cogi-

1248 660 1444 731 tationibus
1457 659 1626 744 afflictus,
1655 672 1830 727 recreatus
1846 672 1909 731 est.
1959 657 2079 745 Quare
2093 680 2157 746 ago
2172 658 2241 726 tibi

1248 784 1393 852 magnas
1415 760 1561 851 gratias,
1586 771 1620 828 et
1644 754 1753 829 habes
1771 782 1829 828 me
1844 754 1913 830 hoc
1926 759 2096 829 beneficio
2110 761 2161 830 ita
2175 761 2240 829 de-

1248 864 1429 946 vinctum,
1456 875 1497 931 nt
1512 862 1651 930 credam
1664 885 1721 930 me
1735 862 1917 930 absentem
1932 860 2046 929 multo
2061 860 2169 951 magis
2186 874 2241 931 te·

1250 987 1329 1035 cum
1353 986 1447 1049 esse,
1480 980 1587 1056 quam
1614 962 1644 1029 si
1664 984 1803 1053 semper
1823 976 1938 1031 tecum
1952 952 2116 1052 praeseni
2131 964 2241 1033 vitam

1249 1088 1399 1154 agerem.
1456 1062 1529 1134 Nec
1554 1065 1701 1146 dubito,
1736 1064 1824 1156 quin
1848 1088 1919 1132 uua
1943 1064 2177 1132 futurisimus
2201 1064 2240 1132 in

1249 1182 1359 1256 regno
1378 1160 1531 1248 Christi,
1553 1165 1593 1232 in
1618 1186 1689 1259 quo
1713 1178 1753 1233 tu
1780 1165 1886 1235 tantis
1902 1165 1997 1233 euris
2014 1181 2048 1236 et
2063 1166 2238 1235 sollicitu-

1249 1266 1413 1350 dinibus,
1440 1288 1504 1355 ego
1527 1288 1548 1333 a
1572 1287 1648 1334 mea
1665 1265 1838 1336 stoicitate
1867 1277 1901 1334 et
1923 1267 2122 1335 vanissimis
2142 1266 2241 1356 cogi-

1249 1369 1442 1440 tationibus
1457 1366 1582 1451 liberi,
1608 1366 1861 1436 delectabimur
1880 1380 2069 1459 perpetuo,
2095 1382 2129 1437 et
2144 1367 2243 1436 irue-

1249 1493 1331 1539 mur
1352 1468 1557 1539 dulcissimo
1580 1466 1643 1537 illo
1665 1468 1844 1561 colloquio
1867 1463 2001 1538 Christi
2025 1481 2059 1538 et
2080 1470 2243 1538 omnium
2295 1486 2299 1492 ·

1249 1573 1401 1663 piorum.
1454 1567 1575 1639 ludaei
1596 1568 1792 1652 somniant,
1825 1570 1863 1636 in
1884 1569 2041 1640 adventu
2060 1570 2120 1638 soi
2143 1568 2243 1639 Mes-

1249 1673 1321 1741 siae
1337 1693 1459 1741 esnros
1480 1693 1517 1740 se
1538 1672 1582 1740 de
1598 1670 1763 1740 carnibus
1780 1670 1867 1740 vasti
1883 1669 1981 1739 illius
1994 1672 2106 1754 tauri,
2127 1694 2147 1739 a
2169 1695 2243 1764 quo

1250 1775 1375 1844 dieunt
1401 1796 1475 1842 uno
1502 1771 1561 1841 die
1591 1774 1734 1840 c‘eutum
1758 1771 1925 1840 milliaria
1956 1773 2096 1864 depasci
2130 1796 2243 1863 posse.

1250 1873 1362 1945 Nobis
1377 1870 1535 1944 Ecclesia
1552 1885 1586 1942 et
1603 1886 1769 1963 perpetua
1786 1873 1880 1942 bona
1904 1873 1942 1941 in
1956 1869 2099 1943 Christo
2122 1887 2244 1964 parata

1250 1989 1353 2060 sunt,
1376 1975 1521 2067 quaeat
1534 1987 1627 2044 certa
1645 1975 1692 2043 ita
1706 1986 1740 2042 et
1754 1997 1881 2063 magna
1899 1999 1959 2065 spe
1974 1988 2209 2066 expectamus.

1352 2067 1518 2146 Comitia
1559 2069 1753 2171 Spirensis
1792 2079 1954 2145 nondum
1997 2091 2079 2145 sunt
2116 2077 2244 2149 soluta.

1251 2176 1431 2269 Tempore
1459 2175 1555 2247 enirn
1587 2199 1678 2266 opus
1708 2187 1781 2260 est,
1822 2189 1864 2246 ut
1887 2176 2121 2261 deliberetur,
2154 2201 2244 2248 rrum

1253 2277 1445 2349 Germania
1471 2275 1578 2347 Gallo
1604 2301 1650 2346 an
1679 2275 1818 2346 ancae
1844 2277 2042 2368 diripienda
2072 2292 2106 2350 et
2133 2281 2244 2349 deva·

1253 2381 1377 2451 stando
1409 2377 1610 2452 obiiciatur.
1666 2377 1849 2470 Principes
1871 2377 2086 2450 Germaniae
2107 2380 2246 2450 malunt

1252 2481 1411 2552 fortassis
1431 2503 1497 2550 nos
1525 2479 1633 2549 semel
1657 2492 1794 2549 tantum
1821 2504 1929 2572 quam
1954 2499 2090 2573 semper
2115 2482 2245 2552 misere

1253 2585 1382 2676 perire.
1416 2581 1487 2653 Sed
1502 2581 1614 2674 quid?
1640 2579 1679 2651 si
1697 2581 1754 2650 isti
1772 2582 1901 2651 nolunt
1915 2605 2122 2652 conservare
2138 2606 2243 2654 suum

1253 2685 1515 2774 magistratum,
1553 2677 1717 2752 Christus
1743 2696 1861 2752 tamen
1891 2685 2116 2756 conservabit
2142 2709 2243 2754 suam

1253 2782 1458 2859 Ecclesiam.
1518 2780 1597 2852 Hoc
1630 2795 1681 2854 est
1713 2797 1873 2853 nostrum
1905 2785 2125 2875 perfugium,
2162 2798 2246 2857 utut

1255 2888 1345 2957 aliae
1360 2910 1416 2957 res
1437 2883 1637 2956 ceciderint.
1688 2883 1873 2975 Superiori
1896 2880 2117 2956 hebdomade
2138 2911 2245 2980 quam

1255 3011 1382 3058 earnm
1395 2998 1542 3070 vocant,
1566 2982 1728 3058 exhibuit,
1740 2985 1955 3076 nobisSpira
1974 3011 2038 3077 pro
2055 2983 2245 3059 unoChri-

1254 3104 1307 3160 sto
1326 3093 1427 3163 duos.
1477 3077 1640 3156 Carolus
1655 3087 1751 3155 euim
1764 3081 2071 3157 etFerdinandns
2081 3091 2246 3160 laverunt

1254 3191 1406 3280 singuli,
1431 3203 1472 3261 ut
1487 3189 1572 3279 ipsis
1588 3191 1734 3258 solenne
1750 3203 1819 3274 est,
1839 3192 1945 3281 pedes
1960 3192 2146 3260 duodecim
2156 3216 2244 3284 pau·

1255 3316 1391 3384 perum.
1442 3289 1492 3361 Et
1512 3291 1550 3357 in
1566 3291 1624 3359 die
1640 3313 1840 3380 parasceves
1864 3291 1969 3361 multi
1985 3288 2154 3383 Hispani,
2181 3293 2243 3362 alii

1255 3416 1319 3464 sna
1332 3403 1468 3485 sponte,
1494 3391 1556 3460 alii
1571 3393 1683 3482 pretio
1704 3394 1881 3476 conducti,
1904 3392 2051 3481 flagellis
2064 3406 2244 3484 spectante

1254 3491 1383 3566 Carolo
1406 3495 1455 3564 ita
1478 3516 1515 3562 se
1536 3494 1755 3575 ceciderunt,
1781 3506 1821 3562 ut
1843 3507 1878 3563 et
1900 3494 2041 3583 sanguis
2060 3495 2245 3579 emanarit,

1255 3621 1327 3690 quo
1349 3607 1490 3687 peccata
1513 3615 1574 3663 sua
1596 3593 1787 3684 expiarent.
1837 3591 1887 3665 Et
1907 3594 2158 3666 dicunturiam
2176 3595 2244 3664 ali-

1256 3699 1318 3790 qui
1344 3721 1385 3765 ex
1405 3691 1460 3765 his
1483 3696 1626 3767 mortni.
1684 3692 1750 3763 His
1773 3696 1918 3789 ineptiis
1941 3696 2082 3766 comitia
2103 3710 2243 3789 protra-

1255 3793 1403 3869 huntur.
1462 3793 1559 3865 Haec
1582 3797 1776 3886 spectacula
1801 3798 1894 3866 lilius
1916 3795 1983 3866 Dei
2006 3798 2069 3868 diu
2089 3800 2244 3889 perferre

1254 3899 1396 3992 posset?
1446 3895 1529 3966 Non
1542 3897 1641 3969 seret.
1690 3893 1765 3968 Καὶ
1781 3902 1902 3969 ταῦτα
1917 3893 2048 3993 μὲνδὴ
2060 3903 2194 3972 ταῦτα.

1356 3997 1472 4070 Filius
1491 3998 1648 4069 ministri
1665 3998 1736 4083 tui,
1762 3999 1818 4068 cui
1835 4001 1963 4069 dedisti
1984 3999 2104 4071 literas
2121 4003 2166 4070 ad
2182 3999 2245 4072 Se·

1257 4114 1379 4172 natum
1400 4100 1500 4169 urbis
1519 4112 1679 4184 nostrae,
1711 4100 1838 4171 maluit
1861 4101 2036 4194 suscipere
2060 4097 2245 4173 scholasti-

1257 4227 1333 4274 cam
1350 4201 1645 4272 ministrationem
1663 4202 1701 4269 in
1717 4203 1863 4292 oppido,
1875 4217 1916 4274 ut
1931 4204 2050 4289 audio,
2063 4196 2244 4304 Lunffess,

1257 4324 1364 4399 qnam
1385 4303 1505 4372 literas
1530 4317 1607 4372 tuas
1621 4303 1759 4374 senatui
1775 4306 1869 4377 dare.
1922 4300 2139 4375 Adolescens
2153 4306 2245 4378 alius

1257 4397 1464 4473 Erhardus
1482 4398 1673 4488 Blnnens,
1709 4406 1771 4496 qui
1796 4418 1830 4474 et
1854 4406 1928 4497 ipse
1951 4420 2029 4476 tuas
2057 4408 2177 4477 literas
2199 4410 2244 4477 ad

1257 4531 1314 4576 me
1328 4505 1463 4587 attulit,
1487 4505 1595 4574 servit
1608 4519 1747 4574 nostrae
1765 4501 1916 4581 scholae.
1968 4507 2056 4577 Heri
2079 4509 2178 4580 misit
2200 4511 2245 4579 ad

1255 4631 1312 4678 me
1327 4622 1405 4676 tuas
1420 4604 1537 4676 literas
1552 4594 1702 4703 Caspnr
1716 4599 1903 4692 Lonerns,
1927 4606 2053 4678 Pastor
2067 4607 2248 4681 Ecclesiae

1255 4707 1545 4798 Nordlingiacae,
1579 4731 1684 4800 quern
1705 4721 1797 4777 certe
1823 4712 1910 4777 meis
1931 4711 2075 4794 officiis,
2114 4712 2248 4805 quibos

1254 4832 1410 4902 possum,
1434 4810 1624 4893 adiuvabo,
1647 4811 1744 4900 qnod
1761 4832 1780 4879 a
1797 4823 1831 4879 te
1847 4817 2126 4892 commendatos,
2148 4817 2251 4907 quod

1255 4912 1472 5007 symmistes,
1498 4912 1593 5003 qnod
1617 4911 1771 4994 vicinus,
1798 4915 1893 5004 quod
1917 4927 1997 4983 ante
2022 4911 2132 4997 mihi,
2163 4936 2245 4986 cum

1255 5008 1372 5083 adhuc
1406 5013 1456 5108 in
1478 5007 1729 5082 Marchionatu
1762 5015 1978 5102 praedicaret
2007 5012 2245 5107 Evangelium

1255 5111 1408 5197 Christi,
1435 5126 1540 5182 notus
1566 5114 1688 5197 luerit,
1710 5117 1806 5206 quod
1829 5130 1862 5183 ct
1886 5116 1978 5184 cives
1999 5115 2245 5209 Nordlingiaci

1255 5217 1457 5285 audiverint
1479 5238 1596 5285 meum
1622 5217 1666 5283 de
1689 5215 1763 5305 ipso
1781 5217 2022 5285 testimoninm
2038 5218 2245 5314 priusquam

1256 5342 1337 5388 eum
1359 5330 1553 5402 vocassent.
1611 5312 1660 5385 Et
1682 5317 1841 5406 intelligo
1864 5319 1932 5386 iam
1958 5344 1999 5388 ex
2021 5321 2136 5391 literis
2159 5323 2245 5406 eius,

1257 5422 1350 5513 quod
1379 5420 1423 5488 sit
1453 5419 1520 5510 ipsi
1553 5418 1733 5507 negotium
1759 5441 1837 5487 tum
1860 5417 2019 5490 Diacono
2043 5421 2245 5514 Cingliauo,
