4868 6420
672 329 1108 456 umsrorauuu
1160 328 1266 404 LlB.
1299 328 1361 404 ΙΧ.
1413 325 1546 400 1543.

219 499 328 579 stssns
343 503 494 579 patriam
506 500 589 581 quae
604 496 743 581 pepecit
758 509 791 561 et
804 499 924 577 Deum,

220 585 322 648 Hanc
334 589 492 646 existima
508 583 621 647 urbem
634 584 768 647 tandem

218 670 281 733 Ex
293 670 436 732 secundo
451 690 551 732 cursu
565 674 602 733 s'ss
614 669 829 752 profundum
843 663 1083 752 recturam).

192 818 391 890 Meministi
415 846 471 890 mc
495 847 596 913 saepe
618 835 652 892 et
671 821 773 914 queri
788 833 822 890 et
835 821 986 889 fremere
1002 828 1081 886 'carm

91 920 250 989 riderem
272 934 413 992 nostros
434 924 530 991 nolle
552 923 685 1013 patriae
709 922 839 991 auxilia
864 920 1080 1012 promittere,

90 1020 161 1088 nisi
183 1022 345 1112 pactione
367 1024 485 1092 nescio
512 1047 661 1116 quarum
687 1047 817 1093 rerum.
868 1019 969 1090 ‘llaec
995 1019 1081 1088 arti-

90 1121 170 1190 ficia
185 1121 332 1211 indigna
345 1122 500 1193 Hernico
515 1147 656 1212 genere,
680 1127 776 1194 unde
801 1121 980 1204 oriantur,
1006 1143 1080 1188 non

89 1223 180 1291 libet
198 1222 323 1296 dicere.
372 1219 451 1293 Etsi
473 1238 588 1293 autern
611 1224 679 1315 ipsi
701 1224 769 1294 sibi
787 1226 859 1293 fata
872 1233 1021 1303 canunt,
1046 1233 1083 1289 et

89 1346 223 1391 rerum.
251 1325 464 1394 mutationes
503 1338 701 1409 accersunt,
743 1338 860 1394 tamen
900 1344 1081 1413 speremus

45 1476 55 1482 .
89 1421 205 1492 Deum
220 1421 396 1494 Ecclesiae
410 1425 577 1518 reliquias
598 1439 816 1496 servaturum
840 1448 931 1508 esse,

87 1525 216 1593 studiis
251 1527 491 1617 praebiturum
519 1521 712 1618 hospitium
737 1527 868 1596 alicubi
893 1540 1080 1596 terrerum.

89 1621 203 1695 Urbes
220 1641 351 1697 vestras
365 1651 465 1717 spero
480 1625 556 1696 Deo
574 1652 677 1699 curae
691 1629 784 1708 fore,
808 1628 847 1695 in
863 1627 992 1718 quibus
1006 1648 1079 1693 non

88 1739 221 1794 trassero
235 1726 349 1796 lucem
370 1725 557 1818 Evangelii
572 1727 668 1799 Deus
682 1729 798 1820 spargi
816 1727 940 1797 voluit.
972 1724 1079 1796 Priu-

87 1824 208 1916 cipum
238 1828 380 1918 politiae
406 1830 591 1900 minantur
622 1830 777 1930 cuipam.
841 1827 962 1916 Quare
995 1828 1078 1897 forti

86 1928 208 1997 auimo
222 1942 258 1997 et
271 1930 365 1999 bona
378 1954 458 1999 cum
472 1955 533 2022 spe
546 1932 700 2020 perferas
716 1932 869 2011 labores,
895 1951 985 2022 quos
1002 1952 1079 1997 sus-

86 2031 191 2102 tines.
248 2026 325 2100 Hac
346 2053 410 2119 ego
431 2055 490 2122 spe
504 2033 610 2101 etiarn
627 2026 690 2100 has
705 2026 938 2102 scholasticas
956 2053 1078 2119 operas

85 2130 200 2198 lacere
216 2154 341 2221 pergo,
368 2146 403 2202 et
418 2157 474 2200 me
499 2131 538 2200 in
556 2133 673 2202 aulam
693 2156 767 2201 nou
792 2133 911 2201 vocari
931 2133 1078 2221 gaudeo,

50 2239 53 2243 ⁴
84 2230 142 2298 cui
170 2231 244 2300 scio
262 2256 376 2302 meam
401 2228 668 2323 Philosophiam
694 2233 844 2302 invisam
864 2244 948 2304 esse.
1007 2229 1075 2302 Sed

85 2324 172 2401 haec
186 2332 323 2406 omitto,
347 2331 430 2402 Non
447 2333 562 2404 solum
584 2333 736 2426 Imperia
746 2335 880 2417 labant,
898 2335 958 2402 sed
974 2332 1085 2402 etiam·

958 1438 991 1494 et
1012 1423 1097 1514 piis,

2073 322 2120 394 62

1133 494 1334 596 ὑπάρχειν,
1360 514 1400 570 ut
1422 501 1465 568 de
1489 497 1641 569 Isocrate
1662 496 1755 589 apud
1778 493 1961 565 Platonem
1982 491 2121 563 dicitur.
2213 521 2220 530 ·

1134 601 1174 673 si
1197 626 1286 695 quae
1311 615 1427 670 autem
1450 601 1515 669 erit
1538 598 1644 690 Resp.
1666 621 1741 667 non
1767 596 1879 667 deerit
1901 589 2068 662 honestus
2089 592 2123 660 oi

1134 704 1250 785 locus,
1283 698 1335 771 Ac
1352 725 1471 793 spero,
1496 699 1612 776 Deum
1624 700 1790 791 reliquias
1805 693 1980 766 Ecclesiae
1998 707 2032 764 et
2048 706 2122 761 stu-

1134 803 1274 873 diorum
1298 817 1518 873 servaturum
1542 824 1613 870 esse
1636 800 1786 883 alicubi,
1812 795 1949 869 etiamsi
1963 793 2122 864 Heroum

1133 904 1198 972 filii
1216 927 1289 972 non
1305 905 1494 974 defendent
1509 900 1751 973 Germaniam.

1233 1051 1343 1144 Saepe
1365 1076 1461 1122 nunc
1483 1047 1574 1120 mihi
1593 1052 1632 1120 in
1663 1063 1817 1121 mentem
1845 1046 1961 1131 venit,
1999 1046 2120 1115 divino

1133 1154 1280 1223 consilio
1306 1154 1492 1246 praecipue
1522 1154 1561 1220 in
1585 1150 1743 1223 Urbibus
1768 1163 1802 1220 ct
1827 1141 2123 1244 ἀριστοκρατίαις

1133 1257 1255 1325 vestris
1277 1279 1456 1325 accensam
1477 1277 1550 1323 esse
1571 1254 1650 1345 piae
1670 1252 1850 1322 doctrinae
1869 1251 2003 1333 lucem,
2039 1248 2121 1340 quia

1133 1358 1183 1425 ibi
1204 1357 1370 1447 deinceps
1392 1358 1510 1426 sutura
1533 1355 1605 1424 sint
1625 1350 1805 1425 doctrinae
1829 1365 1863 1422 et
1882 1347 2122 1419 Ecclesiarum

1133 1454 1284 1549 hospitia
1300 1456 1506 1546 Principum
1522 1455 1678 1547 imperiis
1692 1455 1898 1547 impendent
1910 1451 2026 1521 letalis
2042 1475 2123 1520 mu-

1133 1560 1297 1631 tationes.
1348 1557 1444 1629 Haec
1462 1582 1542 1628 cum
1567 1557 1757 1641 vaticinor,
1780 1557 1898 1625 furere
1919 1577 1977 1622 me
1997 1552 2124 1621 dicunt

1131 1661 1255 1743 multi,
1283 1685 1361 1729 cum
1379 1661 1524 1752 quidem
1538 1683 1634 1744 non,
1659 1674 1699 1729 ut
1715 1669 1812 1728 rates
1825 1679 1887 1727 sua
1906 1653 1968 1726 illa
1988 1678 2122 1750 μαντι-

1131 1765 1178 1853 κῇ
1191 1814 1201 1844 ,
1228 1756 1313 1859 haec
1336 1761 1469 1846 dicam,
1496 1762 1555 1831 sed
1578 1773 1618 1830 ut
1638 1754 1876 1859 Philosophus
1899 1781 1939 1826 ex
1961 1752 2121 1825 moribus

1132 1863 1333 1932 ratiociner.
1392 1860 1535 1950 Quanta
1565 1874 1617 1931 est
1637 1860 1817 1951 neglectio
1834 1882 1955 1928 rerum
1980 1859 2123 1926 diviua-

1131 1963 1234 2031 rum?
1272 1977 1444 2054 quantum
1474 1963 1574 2046 mali,
1608 1965 1704 2055 quod
1732 1973 1914 2054 praetextu
1939 1958 2121 2047 religionis

1131 2078 1199 2133 lam
1217 2064 1346 2133 multae
1366 2063 1575 2154 cupiditates
1590 2063 1854 2133 defenduntur?
1881 2074 2032 2156 quantae
2045 2058 2122 2154 Ty-

1129 2164 1320 2234 ranuides?
1370 2163 1438 2235 Sed
1455 2165 1579 2234 omitto
1595 2160 1695 2235 haec.

1229 2310 1338 2382 Mitto
1360 2310 1428 2382 tihi
1443 2313 1530 2380 duas
1544 2303 1868 2403 Conciunculas*),
1896 2332 2047 2402 quarum
2067 2307 2119 2375 le-

86 2426 171 2500 ᾕρεε
194 2457 313 2501 mum
338 2449 463 2504 namra
486 2436 524 2502 in
546 2430 610 2503 hac
632 2435 757 2504 mundi
780 2448 936 2517 senem,
977 2434 1076 2525 quasi
1129 2414 1281 2484 ctionem
1306 2406 1670 2482 tibiiucsindamfore
1690 2435 1805 2502 spero.
1857 2411 1928 2480 Nec
1949 2409 2120 2491 desinam,

84 2533 219 2601 desc-ssa
234 2534 436 2623 languidior
455 2550 505 2603 est
520 2531 583 2606 καὶ
598 2528 811 2622 συστενάζει
824 2539 870 2628 τῇ
892 2529 1074 2628 ἐκκλησίᾳ,
1126 2517 1240 2584 facere
1263 2509 1326 2583 has
1349 2510 1583 2584 Sssh⁰l³⁵ll⁰³⁸
1604 2537 1746 2604 Opem,
1778 2515 1891 2582 d⁰¹¹⁶⁰
1911 2506 2001 2579 mihi
2023 2509 2121 2579 Deus

85 2648 205 2702 metuo
221 2657 435 2704 accessuram
454 2637 581 2704 samem
598 2639 641 2706 ad
656 2638 761 2710 bella,
786 2632 1075 2716 oremusnem
1127 2616 1281 2709 aliquem
1298 2616 1463 2685 nidulum
1480 2617 1665 2697 concedet,
1693 2615 1731 2681 in
1754 2639 1825 2706 quo
1846 2626 1951 2684 erunt
1970 2610 2120 2681 literarii

82 2747 123 2805 ut
137 2733 231 2804 mala
243 2736 384 2826 publica
405 2736 553 2828 mitiget

183 2859 420 2938 Ioachs'mum
445 2862 724 2963 Leucopclreum
746 2871 830 2939 iussi
856 2872 900 2938 ad
928 2883 962 2940 te
988 2869 1076 2939 scri-

81 2969 179 3045 bere,
241 2966 511 3067 Hs'erorsymum
537 2965 730 3041 Schres‘ber
761 2971 826 3040 tibi
856 2973 1076 3057 commendo,

80 3071 126 3140 de
140 3094 213 3164 quo
227 3072 363 3142 tardius
375 3097 441 3143 nos
454 3071 595 3164 petiisse
608 3096 820 3164 magnopere
833 3072 948 3146 doleo.
971 3068 1075 3142 Certe

80 3173 212 3241 melius
227 3173 265 3240 in
280 3169 386 3244 huius
402 3175 583 3263 ingenium
598 3175 805 3244 collocatum
821 3174 943 3243 fuisset
955 3173 1076 3264 publi-

79 3297 162 3344 cum
175 3274 399 3344 beneficium.
448 3274 555 3347 Mitto
573 3276 639 3345 tibi
653 3277 740 3344 duas
761 3275 884 3343 breves
904 3274 1075 3345 conciun-

79 3374 191 3444 culas.
240 3372 338 3446 Bene
353 3376 442 3446 vale.
470 3376 528 3446 die
545 3375 626 3452 XV.
641 3374 765 3447 Martii
777 3372 845 3471 **).

538 3502 762 3601 †Philippus
783 3502 1026 3595 Melanthonl’

656 3737 1074 3758 m

90 3895 156 3969 N0.
172 3895 285 3968 2659.
900 3913 956 3973 16.
973 3905 1063 3967 lllsrt.

84 3995 299 4030 Μ
892 3996 1066 4040 Ὄψων,

383 4079 430 4167 V
425 4087 488 4164 ito
525 4082 764 4165 Theodora.

143 4256 366 4382 Epssptqppnlv.
389 4278 417 4330 p.
436 4258 485 4314 17⁸
502 4278 562 4332 sqq.
608 4260 779 4332 Responsum
799 4258 940 4313 'l'heodori
966 4259 1025 4314 side
1044 4261 1071 4315 d.

1128 2733 1256 2788 coetus.
1316 2714 1389 2784 Nec
1411 2741 1452 2784 eo
1474 2717 1619 2804 frangor
1639 2715 1777 2799 animo,
1818 2715 1916 2808 quod
1938 2736 2012 2782 non
2034 2737 2119 2802 pro-

1127 2818 1254 2909 spicio,
1276 2815 1340 2886 ubi
1355 2816 1400 2886 sit
1413 2813 1590 2886 Ecclesiae
1606 2829 1700 2886 certa
1713 2818 1810 2885 sedes
1826 2838 2005 2887 mansura.
2036 2812 2118 2883 Scio

1126 2943 1146 2988 a
1161 2917 1309 2989 Daniele
1323 2916 1393 2986 dici
1405 2915 1618 3002 Ecclesiam,
1640 2917 1897 3009 dispersionem
1909 2918 1993 2985 inde
2007 2937 2119 3007 usque

1128 3043 1224 3088 asua
1239 3030 1369 3102 aetate,
1394 3020 1438 3087 ad
1463 3018 1567 3087 linem
1592 3013 1698 3088 huius
1720 3019 1857 3093 mundi.
1908 3016 1979 3088 Sed
2001 3029 2118 3086 tamen

1126 3143 1311 3190 mansuras
1334 3142 1407 3188 esse
1430 3119 1597 3212 reliquias
1620 3133 1753 3189 certum
1777 3133 1840 3193 est.
1895 3117 2016 3206 Quare
2044 3140 2117 3186 non

1127 3222 1332 3292 abiiciamus
1348 3216 1434 3289 haec
1449 3222 1564 3291 studia
1577 3216 1755 3290 Ecclesiae
1772 3221 1977 3290 necessaria.

1141 3413 1143 3417 ·
1231 3371 1513 3464 Explicationem
1538 3374 1582 3441 de
1605 3369 1789 3464 Baptismo
1814 3371 1881 3443 tibi
1914 3372 2036 3448 mitto,
2074 3371 2119 3437 de

1127 3499 1194 3568 qna
1210 3488 1358 3558 statues,
1382 3489 1424 3543 ut
1438 3474 1629 3543 videbitur.
1680 3474 1853 3545 Fortassis
1867 3473 1962 3541 euim
1987 3467 2118 3540 habent

1127 3577 1187 3644 alii
1214 3577 1360 3665 aptiora.
1413 3573 1509 3644 Haec
1532 3588 1651 3644 tamen
1671 3601 1753 3643 vera
1774 3588 1874 3657 sunt,
1906 3588 1940 3642 et
1959 3597 2034 3641 non
2054 3594 2118 3663 pa·

1126 3678 1224 3746 riuut
1237 3676 1459 3754 offensiones.
1487 3668 1705 3744 loochs'mus
1714 3668 2003 3769 Leucopetraeus
2014 3669 2118 3741 brevi

1125 3779 1192 3849 iter
1206 3777 1432 3865 ingredietur.
1486 3774 1576 3846 lussi
1592 3779 1729 3846 eumad
1747 3801 1809 3845 vos
1827 3776 1993 3847 scribere.

1224 3922 1277 3992 De
1299 3917 1469 3996 Gerardo
1497 3922 1667 3995 Graueeli
1693 3924 1859 3993 familiari
1874 3909 1955 4018 “),
1993 3920 2117 4010 scripsi

1125 4025 1189 4094 libi
1204 4049 1335 4115 nuper,
1360 4051 1416 4094 me
1432 4024 1518 4094 scire
1534 4049 1677 4117 cupere,
1705 4050 1749 4092 an
1768 4026 1817 4094 sic
1833 4025 1922 4094 istic.
1970 4021 2116 4090 Venetis

1124 4128 1366 4196 rescribemus.
1414 4124 1485 4197 Sed
1501 4115 1658 4219 prolecto
1674 4122 1842 4195 hactenus
1858 4127 1946 4194 aliae
1959 4147 2016 4193 me
2030 4148 2116 4216 ope-

1125 4252 1182 4297 rae
1198 4229 1455 4320 impcdiernnt‚
1480 4242 1515 4298 et
1530 4254 1570 4297 eo
1585 4228 1694 4317 magis
1718 4242 1878 4299 conlatus
1900 4252 1998 4310 sum,
2032 4226 2114 4318 quia

1124 4329 1174 4397 ibi
1208 4330 1246 4398 fit
1278 4328 1410 4399 mentio
1448 4329 1705 4399 controversiae
1738 4332 1782 4399 de
1814 4326 1933 4400 Coena
1955 4325 2115 4407 Domini,

1124 4454 1230 4523 quam
1246 4431 1275 4498 si
1290 4431 1436 4519 attinget
1452 4423 1658 4513 Eutharico,
1685 4446 1790 4501 erunt
1805 4455 1894 4499 nova
1912 4430 2113 4499 certamina,

384 4480 493 4554 ΗΟ
515 4479 772 4558 Th⁶⁰d⁰l⁰⁰
1123 4528 1242 4611 †Scis
1269 4531 1362 4600 enim
1388 4531 1440 4600 uti
1463 4531 1585 4600 formis
1608 4533 1799 4602 verborum
1822 4527 1989 4626 physicis,
2025 4553 2115 4622 quae

73 4602 120 4692 S·
145 4618 194 4692 D.
246 4617 411 4712 Optarisn
439 4622 604 4715 equidem
629 4620 857 4715 Hieronymo
882 4612 1075 4692 Sabratha
1124 4646 1207 4704 sunt
1232 4632 1352 4722 ignota
1383 4632 1518 4722 primae
1538 4627 1727 4705 Ecclesiae.
1792 4631 1840 4705 Et
1866 4634 1906 4702 fit
1937 4631 1975 4698 iu
2003 4631 2115 4703 literis

74 4724 254 4793 fortunam
283 4723 391 4793 luisse
418 4724 621 4816 aequiorem
647 4724 686 4791 in
713 4723 883 4793 alterutro
910 4722 1071 4812 negocio;
1123 4733 1256 4802 mensio
1271 4734 1341 4802 mei
1359 4728 1600 4826 παραστάτου
1611 4728 1795 4826 (Bucen),
1812 4758 1915 4827 quem
1931 4732 2006 4823 ipse
2018 4728 2113 4804 drap.

75 4822 146 4893 Sed
163 4824 283 4914 pudor
299 4825 329 4892 ei
346 4820 503 4909 obstitit,
528 4837 562 4894 et
579 4848 674 4893 nunc
690 4848 730 4893 ea
746 4823 989 4894 moderatione
1004 4826 1073 4894 fert
1122 4831 1236 4926 τητὴγ
1249 4836 1341 4904 ferre
1358 4836 1459 4903 nullo
1476 4836 1582 4903 modo
1606 4848 1737 4926 potest,
1764 4857 1892 4927 eoque,
1917 4847 1958 4903 ut
1973 4835 2012 4901 in
2029 4859 2114 4903 con-

75 4937 266 5016 utrumque
290 4949 427 5009 casum,
451 4937 492 4994 ut
512 4926 683 5013 gravitate
706 4926 819 4997 animi
841 4925 952 5017 ipsius
975 4926 1072 4995 dcle-
1113 4924 1281 5005 'tentione
1305 4937 1429 5017 durius
1452 4949 1574 5026 postea
1601 4938 1809 5028 respondet,
1846 4938 1941 5029 quod
1968 4936 2115 5008 nollem.

76 5039 159 5095 tter.
210 5021 275 5097 καὶ
301 5021 378 5122 ὁρῶ
400 5023 440 5099 ἐκ
461 5018 572 5122 φύσει
594 5023 713 5099 αὐτοῦ
735 5021 964 5123 φιλοσοφίαν
985 5051 1070 5099 τινα

1131 5162 1356 5179 ——m
1435 5164 1438 5174 ι

72 5245 300 5261 m

1087 5336 1089 5343 ’
1155 5311 1183 5381 *)
1199 5312 1241 5367 De
1257 5312 1342 5367 Paulo
1356 5323 1381 5366 et
1396 5313 1558 5383 Polycarpo.
1591 5313 1653 5370 Vid.
1666 5334 1708 5386 ep.
1720 5315 1844 5389 Myconii
1860 5315 1887 5372 d.
1902 5314 1944 5369 26.
1958 5312 2041 5369 Mart.

1155 5398 1311 5534 ”psoleupq
1325 5399 1388 5520 psal}¹
1396 5398 1580 5454 narrationem
1594 5400 1662 5457 Mel.
1676 5402 1710 5456 de
1728 5403 1799 5458 libro
1814 5401 1955 5458 Ratisbon.
1972 5420 2055 5474 supra
2071 5401 2110 5471 (d.

108 5375 139 5441 *)
159 5377 256 5432 versio
269 5379 390 5436 editoris.

107 5459 146 5501 ¹⁸¹*
174 5454 237 5519 dlis
249 5482 347 5518 manus
359 5464 516 5538 adscripsit:
535 5465 627 5535 lm,
644 5467 691 5521 sed
704 5466 804 5539 scripta
816 5475 856 5522 est
869 5485 942 5523 anno
958 5467 1035 5524 1548.
