4868 6420
306 393 381 470 251

272 558 279 569 ’
308 569 405 656 des,
425 569 556 642 aiebat:
595 569 778 666 Incipiunt
806 575 913 668 pedes
942 575 1183 665 languescere3
1213 594 1300 663 gau-

308 672 393 741 deo:
434 688 469 744 et
495 697 575 743 curn
598 677 642 743 ad
668 699 780 766 genua
804 700 916 770 usque
940 677 1165 768 perrepsisset
1190 699 1300 760 mors,

309 772 508 879 tripudians
538 777 703 847 manibus
733 779 895 869 pulsabat
916 801 1048 868 genua,
1085 777 1241 867 gaudens
1266 790 1302 847 et
1336 853 1339 868 ‚

307 875 440 950 ridens.
491 872 545 945 Ac
568 880 686 948 statim
703 880 894 971 incipiebat
911 903 946 948 se
962 876 1105 951 Christo
1120 903 1302 956 commen-

243 1037 245 1041 ,
309 978 410 1062 dare,
451 1001 556 1046 orans
591 980 680 1050 sicut
712 976 875 1051 Christus
906 981 946 1049 in
981 1005 1101 1066 cruce,
1135 981 1300 1072 spiritum

308 1103 412 1149 suum
437 1083 703 1151 commendabat
713 1079 743 1178 ⁴)
767 1079 924 1155 Christo.
990 1078 1128 1153 Orabat
1152 1106 1217 1173 pro
1244 1106 1301 1152 re-

308 1181 476 1250 missione
500 1197 723 1273 peccatorum
748 1208 912 1271 suorum,
945 1186 1073 1254 deinde
1096 1207 1160 1275 pro
1182 1185 1300 1253 omni-

308 1283 376 1352 bus
391 1284 630 1369 credentibus,
657 1300 776 1376 postea
791 1288 833 1355 ad
850 1312 906 1356 me
920 1282 1070 1371 versus,
1091 1280 1181 1354 mihi
1201 1286 1300 1355 vale·

309 1384 415 1469 dixit,
442 1399 476 1455 et
492 1388 620 1475 gratias
635 1388 723 1477 egit,
758 1402 887 1458 etcum
908 1389 1002 1458 idern
1022 1388 1165 1457 volebat
1185 1388 1300 1456 facere

308 1485 429 1555 amicis
444 1488 679 1573 adstantibus,
703 1491 892 1580 expiravit,
920 1515 1000 1560 curn
1018 1488 1123 1579 paulo
1142 1504 1223 1559 ante
1243 1488 1300 1558 di-

307 1602 421 1658 xerat:
453 1585 544 1658 Ecce
566 1606 738 1683 quantum
763 1587 830 1661 hoc
852 1594 986 1661 donum
1002 1588 1070 1660 Dei
1086 1597 1154 1675 est,
1178 1613 1300 1660 omnes

309 1712 431 1758 sensus
455 1690 524 1758 mei
548 1686 665 1762 adhuc
689 1693 816 1784 integri
840 1706 935 1767 sunt.
985 1689 1032 1763 Ει
1051 1693 1136 1787 quid
1157 1690 1301 1761 multis?

307 1787 478 1881 Magnam
510 1794 787 1864 consolationem
825 1808 860 1865 et
897 1794 1134 1866 eruditionem
1164 1818 1206 1862 ex
1234 1792 1300 1861 lilii

307 1893 410 1966 obitu
426 1895 646 1964 sanctissimo
664 1897 798 1987 accepi,
832 1899 915 1966 licet
929 1895 1075 1967 affectus
1088 1895 1227 1987 paterni
1243 1918 1300 1963 me

307 1995 459 2064 subinde
476 1996 627 2067 reddant
643 1997 866 2071 imbecillem.
919 1996 988 2069 Sed
1009 1999 1220 2067 commendo
1242 2020 1299 2065 me

306 2096 432 2165 vestris
454 2097 628 2188 precibus.
685 2096 798 2168 Porro
820 2096 863 2172 D.
885 2097 980 2189 Mag.
1001 2090 1187 2195 Caspar‘)
1206 2096 1300 2167 Nor·

306 2197 556 2287 lingiacensern
591 2201 831 2270 conditionem
864 2201 1018 2292 accepit:
1055 2201 1136 2271 ideo
1169 2199 1300 2270 obnixe

306 2324 370 2368 vos
404 2314 647 2391 praeceptores
680 2326 779 2371 meos
813 2327 955 2392 precor,
994 2315 1035 2372 ut
1060 2328 1124 2394 per
1149 2314 1300 2372 vestram

306 2425 449 2492 operam
472 2396 561 2469 mihi
579 2403 793 2494 adiungatur
809 2401 971 2495 Collega,
997 2400 1042 2477 D.
1059 2397 1301 2474 Doctor'loa-

307 2495 450 2572 edimus
467 2496 616 2572 Morls'n
627 2498 676 2600 ⁶),
709 2519 749 2578 ut
765 2505 794 2573 is
809 2506 920 2596 possit
934 2500 1025 2574 mihi
1042 2506 1244 2590 succedere,
1269 2503 1300 2575 si

303 2615 362 2673 ‘me
378 2605 475 2673 abire
491 2605 726 2696 contingeret,
762 2607 799 2676 id
815 2609 912 2700 quod
929 2607 966 2675 in
978 2604 1048 2698 Dei
1061 2609 1154 2677 bona
1170 2607 1301 2676 volun-

305 2719 375 2777 tate
397 2706 554 2797 positum
576 2721 638 2781 est.
690 2707 746 2780 Sit
767 2712 895 2802 quaeso
919 2703 1004 2778 haec
1026 2706 1301 2800 Naumburgen-

305 2808 352 2878 sis
385 2808 529 2877 ecclesia
564 2809 666 2878 vobis
702 2812 965 2892 commendata,
1008 2834 1098 2903 quae
1138 2814 1299 2881 nondum

304 2909 454 2978 omniuo
480 2933 499 2978 s
524 2904 721 3000 pharisaico
741 2912 916 2981 fermento
943 2925 995 2981 est
1015 2926 1173 3005 pssrgata.
1224 2911 1300 2982 Iam

252 3043 258 3052 ’
304 3005 438 3083 habens
452 3012 662 3096 adversarii,
694 3015 788 3107 quod
808 3014 984 3103 gaudeant
1001 3015 1047 3083 ob
1064 3015 1129 3083 filii
1142 3014 1280 3084 obitum
1289 3037 1299 3099 ;

185 3196 190 3205 .
305 3113 366 3181 sed
388 3111 532 3203 spiritus
557 3127 698 3183 sanctus
723 3116 966 3185 consolabitur
989 3137 1067 3190 nos.
1133 3110 1210 3185 Oro
1235 3139 1299 3184 au-

297 3227 374 3298 tem
391 3211 605 3299 Dominum,
639 3229 673 3284 et
688 3211 861 3286 Autorem
886 3217 975 3302 vita,
1008 3230 1048 3286 ut
1071 3239 1134 3286 vos
1157 3241 1301 3308 praece-

303 3327 424 3408 ptores
447 3329 481 3386 et
504 3316 652 3386 maiores
673 3332 814 3389 nostros
840 3319 879 3385 in
902 3340 1005 3386 usum
1031 3318 1196 3387 ecclesiae
1219 3334 1301 3387 suae

305 3416 370 3486 diu
393 3417 597 3508 superstites
621 3441 828 3489 conservare
850 3419 947 3492 velit.
1009 3415 1142 3490 Datum
1164 3417 1299 3490 Neum-

303 3518 411 3607 burgi
431 3517 489 3591 18.
506 3515 730 3594 Novembris.
781 3518 890 3591 Anno
908 3513 1018 3590 tals.

406 3616 526 3689 Hodie
568 3617 659 3692 circa
701 3625 891 3691 secundam
933 3621 1143 3715 sepeliemus
1185 3621 1300 3691 hlium

304 3745 443 3807 meum,
464 3721 696 3792 fortissimum
712 3718 846 3794 Christi
863 3723 1024 3797 militem.

730 3853 898 3927 Nicolaus
914 3856 1076 3942 Medler,

558 3955 754 4048 discipulus
772 3971 886 4030 vester
901 3957 1251 4059 obsequentissimus.

1179 4326 1227 4406 01·
1249 4330 1289 4411 t·)

1133 4444 1136 4452 .
1166 4420 1300 4453 M

320 4456 323 4463 Ι
611 4502 656 4594 V
653 4566 666 4591 .
691 4503 999 4592 Amarbaclss‘o.

372 4683 394 4747 i·
412 4679 451 4737 Ex
466 4682 623 4754 apographo
635 4682 665 4737 iu
679 4683 741 4741 eod.
755 4681 841 4738 Goth.
855 4683 913 4737 190.
926 4701 956 4755 p.
966 4683 1011 4739 62.
1026 4714 1063 4730 -
1087 4682 1126 4737 lla
1138 4687 1301 4762 argumento

334 4768 336 4771 ·
410 4751 539 4822 epistolas
560 4759 588 4805 ει
606 4752 663 4834 eius
682 4751 715 4806 sd
731 4751 902 4823 Pontanum,
927 4769 996 4822 quae
1012 4752 1151 4833 sequitur,
1165 4746 1300 4833 intelligi-

408 4817 1250 4959 :lta‘ttt‘t'tYtt‘ttattltl‘tttllt'dlli’t‘
1267 4835 1299 4938 :3

409 4955 498 5010 habat.
536 4954 631 5023 Quum
652 4957 810 5012 Melanthon
829 4957 863 5010 ad
884 4956 1070 5012 camerarium
1093 4960 1146 5038 (cp.
1166 4956 1194 5010 d.
1215 4956 1241 5011 d.
1257 4955 1299 5009 19.

408 5022 478 5079 Nos.
492 5024 580 5093 164δᾷ
593 5027 710 5080 scribat:
732 5023 845 5099 „Visum
861 5024 1072 5080 Amerbscbisssu
1093 5035 1161 5080 sesto
1176 5024 1211 5078 ab
1223 5024 1299 5078 Αεε·

407 5091 497 5145 demis
510 5092 638 5147 Bassrlca
653 5095 821 5148 conductum
836 5093 928 5161 esse⁸⁸‚
944 5090 1078 5148 Lutbessss
1091 5104 1181 5151 autem
1194 5094 1251 5147 isse
1272 5093 1296 5144 i·

406 5159 475 5216 stols
487 5160 755 5220 adlauterbssbium
768 5162 796 5218 d.
808 5163 837 5220 d.
847 5162 875 5219 9.
887 5162 968 5221 Febr.
976 5162 1052 5220 1544.
1067 5164 1101 5220 ds
1117 5163 1236 5219 Amba
1271 5161 1298 5217 ‘o

307 5299 514 5317 ᾖ

299 5370 303 5374 .
340 5393 369 5465 4)
387 5395 477 5453 Dans.
490 5401 710 5457 sommendssss's.

339 5479 369 5548 5)
386 5478 466 5550 Casp.
481 5479 631 5539 locamus.

338 5564 366 5632 6)
384 5562 472 5659 Dans.
484 5565 629 5624 mendosas
648 5566 757 5624 Kortia
767 5587 820 5644 pre
832 5570 946 5629 Uselis.
1006 5529 1009 5532 Ι

885 394 1322 476 EPISTOLARUM
1372 399 1478 477 [ΑΒ.
1510 400 1576 480 ΙΧ.
1630 400 1763 479 1648.

1455 567 1523 624 irasc
1533 568 1645 625 babeat:
1661 568 1764 641 „Nosti
1777 588 1809 623 es
1823 569 1903 625 uobis
1913 568 2022 640 exiisse,
2045 569 2094 643 qui
2112 587 2169 624 aon
2181 567 2235 624 tuis
2247 589 2278 626 ss
2289 587 2344 624 ao·

1455 637 1513 709 bis,
1541 639 1580 692 Μ.
1597 637 1689 691 Visum
1709 637 1919 693 Amerbsclaium
1939 639 2146 711 ingolstadiam,
2171 647 2200 691 ut
2218 637 2346 694 succedat

1456 705 1555 774 Eccio,
1572 707 1803 778 blasphematurus
1817 716 1942 760 nostrum
1956 711 2067 762 verbum
2081 706 2153 760 inste
2165 707 2249 778 magis
2262 722 2346 778 quan

1457 773 1502 830 ille
1526 775 1629 830 iecit”s
1659 777 1699 828 six
1719 775 1897 829 dubitandum
1917 786 1974 847 ast,
2001 778 2067 848 quin
2087 776 2155 831 baec
2174 784 2288 847 atquae
2310 772 2345 828 ad

1456 843 1611 897 Pontauum
1635 843 1757 916 sequitur
1784 843 1895 914 epistola
1919 847 2013 916 (quam
2037 845 2160 898 Peselius
2182 843 2216 896 sd
2239 858 2345 897 annuus
2400 846 2406 853 '

1457 914 1534 966 asts.
1561 913 1666 979 retulit)
1689 930 1763 965 anno
1784 911 1874 981 15⁴8„
1905 922 1931 966 ct
1956 913 2064 981 quidem
2086 930 2178 966 meuse
2195 909 2346 966 Novembri

1454 980 1555 1052 scripta
1575 982 1619 1036 sit.
1664 981 1777 1050 Quanto
1805 982 1834 1034 in
1855 980 1920 1034 odio
1940 982 2138 1036 Amerbsslaius
2161 978 2346 1101 Witsberpas

1455 1051 1539 1102 i'uerit
1553 1050 1632 1103 docet
1647 1049 1745 1103 scheda
1759 1049 1788 1103 in
1803 1049 1860 1102 eius
1873 1051 2066 1104 contumeliam
2081 1050 2181 1170 scripta
2194 1058 2221 1102 ει
2236 1048 2290 1122 pub
2302 1064 2346 1103 ιω

1455 1117 1559 1200 affixa,
1570 1117 1647 1173 cuius
1661 1117 1836 1189 apographon
1850 1117 1941 1173 iuveni
1954 1119 1982 1171 in
1997 1120 2059 1173 cod.
2071 1119 2132 1173 Bssi
2145 1157 2153 1173 .
2166 1118 2209 1172 89.
2225 1137 2251 1189 p.
2264 1115 2346 1177 11⁰⁵.

1455 1203 1524 1256 quae
1538 1205 1579 1241 ssc
1590 1207 1618 1240 se
1631 1188 1724 1242 habeta
1746 1187 1885 1259 „Constat
1902 1187 2007 1256 sliquos
2027 1200 2149 1243 veterum
2165 1185 2346 1257 pbilosopho-

1454 1274 1539 1323 „rum
1566 1256 1598 1308 a'd
1619 1257 1753 1309 insaniam
1774 1273 1883 1322 versos,
1912 1273 1982 1325 quos
2003 1255 2124 1310 imitatus
2144 1255 2347 1309 Amersoasstss

1454 1342 1529 1392 „pro
1551 1323 1735 1406 philosophari
1762 1322 1921 1404 debacchari
1949 1323 2086 1405 incoepit,
2116 1324 2199 1406 inque
2223 1319 2347 1378 consitis

1450 1393 2347 1540 3³,ttlttttttt.:?¹‘¹¹l3.ltt⁰tttsltt‘,¹⁰:5¹5a3tt'tttt

1455 1529 1616 1602 „animum‚
1637 1541 1664 1583 et
1683 1530 1744 1582 risis
1763 1529 1904 1582 bonorum
1923 1547 1979 1582 non
1999 1540 2034 1583 sta
2048 1528 2345 1598 remoreturstssdsssm,

1453 1599 1555 1680 „cuius
1576 1599 1645 1680 ⁸loco
1667 1598 1689 1650 si
1708 1597 1792 1652 alium
1809 1596 1972 1672 instituerit,
1999 1597 2098 1655 iecerit
2114 1595 2242 1653 studiosis
2261 1613 2345 1668 quarn

1454 1666 1695 1739 „gratsssunusm”

1352 1819 1577 1898 Clarissimo
1592 1834 1624 1894 el
1641 1819 1852 1895 doctissimo
1868 1799 1962 1908 vs'ro,
1986 1821 2041 1902 D.
2063 1822 2104 1900 V
2108 1823 2125 1894 ι’
2131 1834 2175 1894 ιο
2190 1818 2347 1894 Amer-

1479 1920 1671 2014 bachio,
1698 1927 1919 2011 amicosuo,
1952 1922 2081 1998 Phil.
2105 1922 2219 2002 Mal.

1351 2045 1394 2138 S·
1421 2062 1465 2137 D.
1516 2063 1697 2136 Hactenus
1725 2090 1782 2135 me
1803 2064 1966 2156 impediit
1989 2059 2249 2160 typographus,
2281 2057 2346 2155 qui

1351 2163 1442 2236 mihi
1467 2163 1583 2237 adhuc
1606 2168 1726 2258 paucis
1748 2167 1875 2236 diebus
1899 2168 2084 2257 negocium
2109 2167 2231 2252 saciet,
2272 2186 2345 2258 quo

1352 2271 1471 2339 minus
1494 2266 1791 2365 responderim'),
1822 2292 1934 2361 eoque
1960 2268 2103 2354 distuli,
2135 2283 2176 2339 ut
2195 2264 2346 2358 possem,

1352 2372 1382 2441 si
1399 2385 1519 2441 tamen
1535 2372 1646 2460 leges,
1678 2396 1786 2464 quam
1806 2368 2065 2463 simplicissime
2087 2385 2122 2441 et
2140 2367 2346 2462 planissime

1353 2473 1420 2544 tibi
1446 2497 1620 2563 exponere
1643 2475 1739 2566 quod
1763 2472 1926 2541 velimus.
1981 2468 2151 2543 Exercuit
2173 2495 2230 2542 me
2254 2492 2346 2563 quo·

1352 2598 1421 2669 que
1436 2577 1557 2644 eadem
1573 2598 1693 2654 causa,
1728 2587 1960 2643 exercuerunt
1976 2575 2049 2644 fere
2071 2576 2214 2644 eaedem
2236 2569 2347 2641 dubi·

1352 2677 1524 2762 tationes,
1551 2690 1584 2747 et
1599 2675 1720 2745 audivi
1737 2677 1775 2744 in
1796 2688 1849 2745 tot
1870 2678 2105 2746 conventibus
2125 2700 2200 2746 non
2220 2673 2346 2742 inerar-

1352 2779 1446 2849 ditos
1468 2773 1647 2864 homines,
1686 2778 1749 2870 qui
1779 2777 1991 2846 contrariam
2012 2778 2224 2847 sententiam
2247 2795 2348 2844 accr-

1351 2882 1441 2951 rime
1455 2881 1696 2953 defenderent.
1747 2876 1832 2949 ldeo
1848 2879 2074 2969 cogitandum
2096 2877 2187 2948 mihi
2208 2877 2278 2946 suit
2299 2875 2346 2943 de

1352 3005 1476 3067 causa,
1515 3006 1621 3075 quam
1654 3004 1717 3070 ego
1748 3003 1822 3050 non
1854 2981 1989 3071 primus
2018 2980 2213 3072 repoposci.
2270 2974 2346 3046 Nec

1352 3084 1539 3177 quisquam
1557 3097 1717 3152 nostrum
1734 3082 1842 3166 dixit,
1867 3082 1935 3151 fide
1952 3097 2090 3153 mortua
2107 3097 2170 3153 aut
2185 3080 2258 3150 sola
2274 3101 2345 3148 no-

1351 3187 1433 3256 ticia
1463 3184 1573 3276 accipi
1599 3185 1841 3254 remissionem
1869 3196 2105 3274 peccatorum.
2163 3182 2345 3254 Dicimus:

1350 3288 1439 3373 fide,
1463 3309 1553 3379 quae
1569 3300 1620 3356 est
1635 3309 1796 3356 assensus
1811 3298 1846 3355 et
1860 3285 1898 3353 in
1913 3280 2097 3356 voluntate
2112 3301 2247 3369 motus,
2270 3281 2347 3352 cla·

1351 3411 1454 3458 mans
1473 3380 1581 3456 Abba
1606 3381 1736 3473 Pater,
1775 3387 1886 3476 accipi
1913 3388 2157 3461 remissionem
2184 3398 2348 3479 peccato-

1351 3515 1450 3576 rum;
1491 3514 1556 3560 nec
1582 3489 1705 3559 divelli
1732 3489 1777 3558 ab
1802 3512 1843 3556 ea
1864 3488 2006 3556 dilectio
2025 3513 2065 3559 ac
2087 3512 2166 3581 spes
2183 3496 2346 3579 possunt.

1352 3590 1422 3663 Sed
1445 3587 1529 3660 sola
1552 3591 1706 3661 excludit
1724 3603 1886 3660 nostrum
1906 3590 2094 3672 meritum,
2119 3605 2154 3661 et
2168 3585 2347 3679 siguifica-

1352 3707 1431 3778 tur,
1465 3706 1608 3785 propter
1623 3688 1807 3763 Christum
1828 3690 1938 3782 accipi
1960 3692 2203 3763 remissionem
2219 3710 2348 3782 pecca·

1352 3807 1483 3867 torum.
1534 3790 1681 3887 ligoque
1696 3795 1807 3884 magis
1820 3817 1904 3863 usus
1920 3815 1998 3861 sum
2018 3793 2189 3885 particula
2205 3786 2348 3886 gratis,

1353 3920 1443 3990 quae
1464 3896 1623 3965 fortassis
1644 3896 1764 3965 minus
1786 3896 1879 3986 parit
1903 3895 2139 3979 certaminis,
2157 3895 2219 3967 sed
2240 3892 2347 3964 aliter

1353 4011 1539 4067 enarratur
1558 4020 1578 4066 a
1604 3998 1726 4070 multis
1749 4020 1856 4091 quam
1876 4020 1896 4066 a
1917 3997 2033 4071 nobis.
2091 3994 2148 4066 Tu
2171 3997 2246 4088 ipse
2266 3993 2349 4079 scis,

1353 4122 1419 4168 nos
1443 4099 1593 4168 maxime
1614 4099 1783 4168 dimicare
1806 4101 1850 4167 de
1867 4097 2102 4189 poenitentia,
2126 4099 2172 4168 de
2186 4095 2346 4167 novitate

1352 4201 1457 4270 vitae.
1506 4197 1654 4291 Semper
1677 4201 1751 4270 dixi
1773 4213 1809 4270 et
1828 4200 1963 4285 dicam,
1995 4199 2118 4269 omnia
2141 4222 2207 4270 nos
2229 4198 2269 4267 in
2290 4220 2347 4283 eo,

1353 4299 1416 4396 qui
1435 4315 1679 4390 regeneratur,
1711 4326 1750 4372 re
1775 4302 1891 4372 uirere
1913 4314 1947 4371 et
1967 4323 2118 4392 ponere,
2149 4316 2190 4373 ut
2211 4300 2261 4372 ita
2285 4297 2345 4368 di-

1352 4428 1458 4483 cam.
1488 4426 1577 4497 quae
1597 4326 1900 4493 ponitTlsomas:
1941 4402 2215 4488 contricionem,
2251 4399 2345 4471 dilo-

1351 4505 1505 4576 ctionem
1527 4517 1561 4574 et
1578 4519 1730 4575 caeteras
1746 4505 1915 4586 virtutes,
1946 4528 2009 4576 seu
2030 4506 2252 4596 propositum
2275 4502 2346 4573 bo·

1350 4630 1449 4680 num.
1501 4603 1572 4676 Sed
1588 4601 1647 4677 hic
1663 4608 1835 4676 dissensio
1851 4619 1921 4692 est,
1954 4630 2002 4676 an
2019 4619 2164 4698 propter
2178 4599 2265 4677 haec
2280 4605 2345 4676 de-

1350 4721 1409 4779 tur
1424 4706 1607 4791 remissio,
1640 4732 1687 4776 an
1711 4708 1784 4779 sint
1805 4708 1962 4800 precium
1983 4708 2075 4777 vitae
2091 4721 2270 4792 aeternae,
2295 4728 2344 4777 an

1349 4809 1394 4879 sit
1428 4809 1665 4880 dubitandum
1700 4811 1744 4880 de
1778 4808 1984 4879 remissione
2016 4823 2257 4901 peccatorum,
2293 4831 2343 4878 au
2396 4833 2398 4837 ·

1348 4909 1459 5003 possit
1481 4932 1554 4979 esse
1577 4911 1739 4990 dilectio,
1773 4911 1804 4980 si
1827 4935 1901 4981 non
1922 4912 2049 4981 existat
2070 4911 2134 4981 illa
2155 4912 2263 4995 fides,
2280 4910 2345 4980 -de

1348 5037 1419 5107 qua
1441 5011 1608 5080 dicimus:
1643 5012 1729 5098 fide,
1762 5012 1892 5097 idest,
1925 5012 2053 5081 fiducia
2078 5009 2343 5082 misericordiae

1348 5126 1494 5206 propter
1513 5113 1627 5183 filium
1643 5109 1712 5182 Dei
1728 5115 1899 5201 promissa
1915 5115 2073 5183 donatur
2088 5112 2345 5186 reconciliatio.

1346 5213 1401 5286 De
1422 5210 1489 5285 hac
1512 5239 1588 5286 non
1608 5215 1696 5286 dicit
1711 5211 1869 5286 Thomas
1889 5227 1953 5292 aut
1973 5217 2119 5296 similes.
2167 5213 2241 5307 Nec
2259 5238 2345 5310 per-

1382 5508 1410 5579 1)
1426 5505 1466 5560 Ex
1483 5525 1527 5578 ep.
1544 5507 1579 5564 ad
1597 5505 1704 5563 Camer.
1722 5507 1749 5562 d.
1767 5508 1794 5562 d.
1810 5509 1852 5565 19.
1865 5508 1933 5564 Nor.
1949 5507 2024 5569 1643.
2039 5507 2217 5583 intelligitur,
2238 5510 2342 5569 Anes-

1415 5575 1541 5631 bachium
1555 5577 1590 5632 ad
1606 5574 1812 5633 Melantbonssn
1823 5576 1972 5651 scripsisse.
2323 5628 2329 5637 ,
