4868 6420
211 339 284 417 oet
780 336 1219 424 urts'rotaltuu
1283 329 1392 428 uro.
1428 349 1491 425 tx,
1544 351 1678 431 1545.
2173 363 2250 436 oar

207 520 422 612 potestatem
439 506 495 581 ad
507 505 811 603 aedificationem,
832 538 907 584 nori
922 509 979 585 od
990 511 1202 587 destructio-
1253 502 1481 608 hominibus,
1505 536 1540 594 et
1564 525 1717 594 foederis
1744 525 1838 596 inter
1865 521 2045 598 homines:
2074 552 2141 599 nec
2170 553 2244 601 esse
2356 582 2365 591 ,

208 639 304 688 rtem.
336 614 386 686 Et
403 610 535 685 Mutth.
556 614 615 689 15.
642 603 816 686 Christos
832 609 1062 688 Pharisaeos
1079 616 1203 689 obiur-
1252 623 1453 693 testimonia
1474 626 1752 717 promissionum
1770 641 1805 698 et
1826 630 1957 718 gratiae
1971 627 2041 699 Dei
2063 653 2143 720 erga
2166 654 2243 718 nos,

206 724 298 812 goti,
325 713 414 814 quia
435 709 606 785 humanu
631 712 786 787 traditio
809 717 1070 816 comprobabat
1093 744 1202 818 opero
1250 736 1355 816 atque
1377 724 1427 795 ita
1452 727 1571 797 delent
1593 729 1792 798 doctrinam
1815 733 1859 799 de
1881 731 2045 801 exercitio
2062 731 2145 801 fidei
2160 754 2242 822 erga
2339 741 2340 744 ’

208 814 424 916 pugnantia
444 841 523 887 eum
538 814 720 888 mandato
736 814 873 894 divino.
1248 821 1364 896 Deum
1383 825 1421 894 in
1440 850 1508 898 usu
1525 827 1845 903 Sacramentorum.

313 915 349 990 O
374 919 453 989 lesu
476 916 617 989 Christe
640 921 693 988 fili
713 918 781 989 Dei
805 921 897 1006 vivi,
930 923 994 1016 qui
1026 923 1125 992 sedes
1156 925 1199 993 ad
1347 923 1496 999 Constat
1525 930 1630 1000 etiam
1659 955 1701 1000 ex
1722 927 1881 1002 historiis
1900 928 2083 1015 Ecclesiae·
2099 933 2238 1019 veteris,

207 1023 368 1091 dextram
383 1021 518 1090 aeterni
532 1020 663 1111 patris,
689 1035 722 1091 te
737 1046 823 1108 oro,
848 1036 888 1092 ut
910 1046 1027 1094 serves
1048 1024 1115 1093 tibi
1128 1020 1200 1094 Ec·
1247 1025 1388 1098 circiter
1411 1043 1584 1101 trecentos
1611 1055 1725 1102 annos
1756 1045 1835 1123 post
1858 1029 2050 1125 Apostolos
2073 1035 2237 1105 nondum

208 1122 351 1194 elesiam
367 1137 402 1192 et
418 1123 479 1192 des
496 1122 529 1191 ei
546 1124 641 1192 dona
664 1135 743 1208 tua,
765 1124 864 1195 flecte
882 1126 1020 1196 animos
1042 1147 1199 1195 summo·
1245 1128 1353 1198 fuisse
1374 1134 1666 1204 consuetudinem
1690 1135 1893 1203 celebrandi
1922 1135 2075 1225 privatas
2100 1136 2236 1210 missas.

207 1247 289 1295 nrm
313 1224 610 1312 gubernatorum,
640 1236 682 1294 ut
705 1248 789 1294 cura
815 1221 942 1295 harum
965 1226 1198 1296 maximarum
1245 1227 1316 1299 Sed
1340 1244 1459 1322 postea
1485 1257 1525 1302 ex
1553 1234 1694 1303 inscitia
1724 1246 1760 1304 et
1786 1236 2034 1325 superstitione
2063 1221 2235 1327 paulatim

207 1348 326 1397 rerum
344 1325 562 1409 alliciantur,
587 1338 629 1395 ut
644 1325 759 1395 cultus
781 1326 960 1397 idolorum
976 1343 1009 1398 ct
1029 1330 1197 1418 profana-
1243 1345 1401 1421 receptae
1423 1349 1517 1408 sunt.
1569 1333 1708 1405 Deinde
1728 1336 1805 1406 sine
1827 1339 1935 1408 modo
1960 1338 2154 1408 cumulavit
2175 1358 2234 1408 eas

207 1427 323 1498 tiones
336 1426 450 1495 divini
465 1426 633 1510 nominis,
658 1450 698 1495 ac
712 1424 935 1497 Sacramenti
951 1429 1195 1510 emendentur,
1243 1434 1401 1502 avaritia.
1885 1437 1894 1444 ’

208 1541 243 1598 et
258 1527 310 1619 pii
323 1528 497 1598 luctantes
510 1552 590 1597 cum
607 1528 840 1613 dubitatione,
858 1530 999 1600 liberati
1011 1517 1095 1600 vera
1109 1555 1196 1600 con·
1343 1532 1530 1607 Prodesset
1552 1536 1678 1624 etiarn,
1703 1539 1732 1608 si
1753 1534 1850 1608 Deus
1873 1540 1981 1610 daret
1994 1538 2233 1625 concordiam,

186 1629 401 1713 ‘solatione‚
427 1630 625 1718 erigantur,
647 1642 682 1699 et
698 1652 779 1698 vera
796 1627 865 1699 Dei
885 1633 1018 1721 agnitio
1041 1643 1075 1701 et
1090 1630 1196 1700 invo-
1241 1647 1283 1704 ut
1304 1633 1411 1705 simul
1426 1639 1615 1708 mediocris
1629 1641 1827 1711 similitudo
1844 1641 1882 1709 in
1898 1640 2108 1711 ceremoniis
2127 1620 2233 1709 addi·

206 1730 317 1815 catio,
339 1729 414 1798 veri
430 1732 545 1800 cultus
560 1727 646 1815 Dei,
673 1743 707 1801 et
728 1754 813 1801 vera
834 1755 875 1801 ac
893 1732 1061 1805 salutaria
1080 1732 1194 1802 ollicia
1241 1735 1286 1805 tis
1300 1759 1428 1806 coenae
1442 1735 1591 1809 Domini
1607 1755 1641 1810 et
1655 1737 1833 1836 missae³⁴)
1848 1742 2112 1821 ordinarentur,
2128 1741 2231 1810 vide-

204 1831 347 1926 pietatis
366 1830 619 1904 instaurentur.
1240 1836 1339 1921 licet,
1365 1852 1404 1909 ut
1420 1842 1643 1930 praecederet
1661 1843 1833 1912 consessio
1853 1856 1888 1914 et
1901 1843 2077 1914 absolutio
2094 1860 2230 1926 corum,

305 1931 379 2002 Nec
396 1946 493 2003 tanta
506 1945 558 2002 est
571 1931 776 2018 obscuritas,
797 1946 860 2004 aut
874 1933 1051 2004 subtilitas
1065 1929 1192 2003 harum
1241 1937 1303 2030 qui
1321 1940 1366 2007 ad
1386 1943 1674 2013 communionem
1689 1945 1860 2014 accessuri
1877 1959 2010 2029 essent,
2034 1941 2061 2024 †
2075 1967 2115 2012 ac
2129 1964 2231 2033 pres-

205 2036 547 2119 controversiarum,
570 2047 648 2104 uta
667 2034 891 2104 mediocriter
908 2035 1038 2120 doctis,
1064 2035 1193 2105 timen-
1239 2038 1355 2131 hyteri
1378 2035 1529 2112 honeste
1547 2046 1592 2113 ad
1609 2067 1705 2114 aram
1732 2044 1902 2130 starent'',
1919 2060 1961 2117 et
1980 2045 2230 2116 omitterentur

205 2137 303 2210 ribus
323 2135 460 2221 Deum,
486 2149 521 2206 et
544 2134 746 2205 amantibus
763 2137 944 2205 veritatem
966 2137 1191 2227 nonpossint
1239 2139 1399 2210 indecori
1420 2141 1511 2214 ritus
1531 2144 1572 2215 in
1594 2145 1747 2238 templo,
1774 2143 1914 2228 †velut
1928 2149 1973 2217 ad
1992 2168 2149 2215 mensam
2163 2144 2229 2212 ad·

204 2236 408 2312 diiudicari.
459 2235 536 2307 lmo
567 2236 751 2328 perspicua
773 2251 825 2308 est
844 2236 995 2324 veritas,
1022 2237 1191 2307 etfacilis
1237 2237 1460 2318 sidentium.”
2197 2239 2199 2243 ’

203 2341 385 2411 intellectu
401 2339 463 2423 iis,
488 2339 638 2432 quinon
652 2338 807 2428 privatos
821 2339 982 2423 allectus,
1004 2338 1105 2424 odia,
1130 2361 1189 2407 su-

204 2430 381 2535 perbiam,
415 2440 617 2520 avaritiam,
647 2435 805 2509 studium
838 2439 1098 2522 calumniandi,
1129 2441 1187 2508 sed

199 2545 369 2614 timorem
385 2538 452 2610 Dei
468 2554 504 2612 et
522 2540 680 2610 studium
698 2542 960 2629 cognoscendae
973 2539 1130 2611 veritatis
1144 2544 1189 2609 ad
1984 2594 1987 2599 ,

205 2667 263 2716 eas
277 2643 454 2714 adserunt.
1339 2629 1525 2707 Addamus
1557 2634 1616 2709 hic
1648 2652 1683 2709 et
1714 2642 1904 2713 articulum
1934 2645 1977 2713 de
2001 2643 2226 2714 invocatione

307 2741 492 2813 Praeterea
513 2744 592 2814 luce
614 2742 811 2814 meridiana
832 2742 962 2813 clarius
980 2757 1050 2828 est,
1075 2742 1190 2812 saevi·
1236 2747 1456 2823 sanctorum,
1487 2740 1549 2833 qui
1570 2763 1610 2809 ex
1634 2736 1700 2811 hac
1722 2743 1795 2813 vita
1816 2757 2047 2816 excesserunt.
2103 2743 2226 2813 Mani-

204 2847 310 2925 fflm,
335 2867 425 2937 quae
441 2859 619 2916 exercetur
633 2859 777 2937 propter
792 2866 897 2913 usum
918 2844 1048 2932 integri
1064 2842 1186 2915 Sacra.
1235 2838 1364 2908 fesium
1383 2851 1432 2908 esi
1449 2841 1562 2925 enlm,
1586 2845 1762 2913 mundum
1782 2844 1927 2934 Plenum
1949 2866 2022 2914 esse
2044 2843 2225 2914 idolorum

204 2946 336 3030 menti,
359 2945 449 3014 sicut
462 2969 538 3014 earn
553 2971 643 3039 quae
658 2960 803 3038 propter
817 2945 973 3038 reliquos
986 2967 1087 3015 veros
1103 2946 1189 3014 arti·
1236 2932 1386 3034 cultu³‘)
1408 2940 1448 3008 in
1469 2936 1535 3011 hac
1556 2941 1792 3018 invocatione.
1855 2941 2026 3037 Expresse
2053 2945 2224 3037 scriptum

205 3050 306 3120 culos
323 3058 519 3131 exercetur,
543 3048 667 3137 ingens
684 3058 864 3139 peccatum
881 3070 974 3127 esse,
1000 3059 1035 3115 et
1051 3045 1189 3115 irritare
1237 3054 1287 3110 est
1301 3037 1406 3109 Dent.
1420 3043 1455 3114 6.
1468 3055 1503 3112 et
1518 3039 1646 3117 Matth.
1663 3043 1700 3119 4.
1733 3041 1942 3115 Dominum
1962 3041 2087 3114 Deum
2109 3054 2224 3132 tuum,
2264 3135 2268 3139 Ι

205 3152 297 3221 iram
311 3145 398 3226 Dei,
422 3159 454 3214 et
475 3170 630 3216 caussam
647 3168 944 3234 essemagoarum
965 3148 1187 3237 publicarum
1236 3134 1281 3207 id
1299 3146 1368 3221 est,
1402 3138 1470 3238 qui
1488 3165 1526 3211 se
1549 3141 1621 3211 tibi
1637 3168 1702 3237 per
1732 3143 1875 3215 verbum
1902 3171 2030 3229 soom,
2066 3153 2098 3215 et
2127 3154 2224 3216 certo

208 3248 456 3326 calamitatum,
482 3243 699 3319 utChristus
716 3242 926 3321 Marthae.
943 3249 1045 3318 dicit:
1071 3243 1189 3344 Super
1236 3239 1447 3311 testimonio
1484 3242 1677 3342 patefecit,
1720 3240 1926 3331 adorabis,
1976 3255 2009 3316 et
2045 3243 2111 3317 illi
2148 3243 2225 3317 soli

208 3346 331 3423 hostes
353 3344 530 3432 veritatis,
555 3347 623 3446 qui
640 3346 833 3418 soevitiam
860 3356 1041 3435 exercent,
1066 3357 1189 3417 vento·
1234 3340 1377 3428 servies,

210 3477 292 3524 rom
309 3468 376 3519 esse
388 3447 606 3541 sanguinem
625 3447 787 3520 omnium
802 3457 1026 3536 sauctorum,
1048 3447 1115 3546 qui
1129 3449 1187 3517 io-
1334 3445 1430 3515 Solet
1444 3457 1563 3515 autem
1577 3469 1706 3537 magna
1720 3448 1915 3520 multitudo
1934 3445 2121 3520 hominnm
2137 3471 2223 3517 con-

209 3544 346 3653 tersecti
356 3556 444 3616 suot
461 3546 543 3621 inde
563 3574 675 3648 osque
698 3548 747 3619 ob
763 3546 859 3619 Abel
876 3546 933 3619 ad
943 3545 1188 3625 Zachariam.
1234 3543 1354 3632 lugere
1376 3547 1421 3614 ad
1442 3554 1601 3629 sanctos,
1631 3549 1732 3639 quasi
1754 3551 1838 3620 dent
1863 3551 1955 3620 bona
1980 3550 2138 3643 corporis
2161 3561 2223 3618 aut

313 3652 428 3741 ltaque
451 3654 723 3739 gubernatores,
755 3652 819 3745 qui
839 3650 956 3722 Deum
977 3655 1122 3733 timent,
1147 3675 1187 3720 ac
1234 3645 1384 3718 animae.
1434 3643 1504 3715 Hic
1521 3668 1620 3715 error
1636 3648 1818 3719 manifeste
1834 3662 1886 3720 est
1900 3651 2080 3721 idolorum
2095 3650 2222 3722 cultus.

209 3762 322 3848 fugee
345 3751 546 3822 societatem
565 3754 717 3825 iniustae
739 3752 904 3824 saevitiae
923 3756 1091 3846 cupiunt,
1121 3776 1186 3821 nec
1334 3742 1469 3843 Aliqui
1479 3754 1602 3815 autem
1618 3757 1798 3843 quaerunt
1814 3750 2083 3831 excusoltbness
2109 3757 2141 3817 0²
2157 3772 2223 3817 νῦ·

210 3861 328 3932 vollnt
356 3853 512 3924 stabilire
543 3878 680 3924 errores
702 3869 736 3925 et
761 3855 1045 3944 profanationem
1071 3838 1184 3923 divini
1235 3843 1302 3916 riis
1333 3842 1516 3916 coloribus
1546 3841 1645 3918 hune
1672 3846 1784 3918 ritum
1817 3849 1979 3947 pr‘ngunt
2010 3860 2043 3921 et
2076 3857 2224 3920 ornant.

212 3951 373 4042 ,ominisz
400 3948 439 4022 hi
460 3969 552 4026 certe
577 3958 708 4026 debent
732 3956 827 4046 piam
846 3956 1132 4025 reformat-ionem
1147 3955 1186 4022 in
1232 3943 1324 4020 Nori
1346 3946 1555 4018 invocentur
1577 3946 1751 4046 inquiunt
1773 3952 1912 4034 saneti,
1945 3962 1985 4024 ut
2008 3947 2224 4036 conditores,

200 4053 258 4124 nis
279 4053 439 4125 articulis
464 4070 498 4126 et
523 4057 603 4127 aliis
626 4057 814 4141 adiuvare,
845 4079 885 4126 ac
914 4056 1125 4126 nominatim
1146 4069 1186 4125 ut
1232 4057 1300 4118 out
1315 4043 1497 4149 effectores
1511 4045 1690 4119 donorum
1705 4046 1879 4141 illorum,
1903 4050 1971 4125 sed
1991 4063 2031 4124 ot
2052 4052 2220 4123 interces-

197 4150 377 4227 Eeclesiae
398 4172 490 4228 recte
512 4159 556 4227 de
572 4157 800 4230 sacramento
816 4156 973 4248 corporis
988 4171 1022 4226 et
1041 4157 1184 4246 sangui·
1231 4174 1342 4226 sores.
1394 4149 1468 4222 Hie
1476 4150 1593 4252 sucos
1610 4144 1682 4221 itus
1699 4151 1895 4252 perspicuo
1908 4138 2149 4253 'responsione
2166 4173 2223 4221 re-

199 4257 257 4328 nis
271 4252 405 4329 Christi
422 4259 644 4341 erudiantur,
670 4261 756 4353 quid
774 4258 825 4327 ibi
840 4254 1065 4343 exhibeatur,
1091 4260 1184 4328 etad
1224 4251 1392 4352 sotatur.

198 4383 305 4454 quem
323 4359 478 4430 fructum
500 4356 587 4431 haec
608 4361 737 4431 sumtio
757 4360 923 4453 instituta
946 4360 1012 4444 sit,
1038 4371 1072 4429 et
1095 4383 1185 4452 quo·
1262 4378 1270 4384 ·
1333 4353 1377 4424 ln
1394 4351 1567 4441 Ecclesia,
1591 4378 1655 4425 seu
1671 4352 1712 4424 in
1729 4357 1863 4448 populo
1884 4354 1972 4440 Dei,
1997 4355 2096 4426 nulla
2116 4354 2221 4422 invo-

198 4462 307 4531 modo
325 4462 457 4552 prosit,
484 4453 519 4532 et
541 4475 583 4532 ut
598 4462 637 4530 in
661 4484 728 4530 usu
748 4485 876 4530 coenae
897 4458 1045 4531 Domini
1068 4460 1186 4530 luceat
1231 4454 1324 4526 catio
1348 4458 1524 4541 docenda,
1554 4457 1793 4543 instituenda,
1826 4471 1887 4528 aut
1915 4457 2124 4528 stabilienda
2148 4467 2219 4537 est,

198 4584 304 4632 verus
324 4561 523 4634 intellectus
536 4562 773 4647 sacramenti,
794 4575 830 4632 et
842 4562 948 4647 fides,
973 4574 1009 4631 et
1021 4562 1114 4631 adsit
1129 4585 1185 4630 re·
1232 4559 1384 4650 quaein
1407 4559 1517 4629 verbo
1540 4555 1627 4645 Dei,
1660 4581 1726 4629 nec
1754 4571 1981 4652 praeceptum
2010 4558 2124 4629 ullum
2155 4577 2221 4623 nec

197 4663 370 4748 verentia,
395 4687 485 4756 qnae
498 4665 598 4737 decet
610 4664 649 4733 in
663 4660 832 4743 Ecclesia,
856 4686 902 4731 ne
917 4662 1184 4734 Sacramentum
1232 4660 1431 4750 exemplum
1448 4654 1566 4729 habet.

196 4764 390 4837 obiiciatur
402 4765 529 4856 porcis,
544 4779 584 4836 ut
597 4759 800 4858 prohdolor
815 4763 1014 4834 tristissima
1027 4764 1185 4853 exempla
1334 4759 1566 4831 Manifestum
1582 4772 1634 4831 est
1656 4772 1774 4831 autern
1790 4760 1830 4830 in
1851 4760 1988 4853 scriptis
2002 4755 2221 4851 Propheticis

195 4865 464 4959 conspiciuntur
490 4867 529 4936 in
557 4869 644 4937 orbe
670 4880 861 4946 terrarum,
894 4866 933 4933 in
958 4864 1021 4935 illa
1049 4865 1185 4954 ingenti
1219 4875 1267 4933 -et
1296 4859 1511 4954 Apostolicis
1543 4884 1690 4954 prorsus
1722 4863 1864 4934 nullum
1898 4875 2123 4954 praeceptum
2158 4869 2220 4928 aut

195 4968 430 5039 multitudine
451 4968 676 5040 indoctorum
699 4980 734 5036 et
754 4965 946 5058 impiorum
971 4966 1184 5037 sacrificulo-
1232 4964 1431 5054 exemplum
1443 4959 1550 5033 huius
1565 4963 1801 5034 invocationis
1815 4976 1943 5037 extare.
1974 4959 2024 5033 Et
2038 4960 2143 5033 Rom.
2160 4955 2219 5028 14.
2248 5049 2250 5053 ι

195 5093 279 5141 tum
300 5082 336 5139 et
359 5065 635 5154 monachorum,
659 5069 723 5161 qui
744 5080 883 5137 tantum
905 5068 1040 5139 ventris
1063 5089 1184 5137 caussa
1231 5066 1379 5136 dicitur:
1406 5059 1597 5162 Quicquid
1612 5087 1687 5133 oon
1703 5072 1756 5134 est
1773 5087 1821 5136 ex
1832 5057 1933 5157 fide,
1956 5069 2141 5161 peecatum
2156 5067 2220 5135 est.

194 5172 322 5271 legunt
334 5172 469 5246 missas.
521 5167 610 5241 ltem
626 5172 722 5262 apud
738 5165 1022 5265 Anuboptistos,
1046 5181 1080 5239 et
1095 5168 1184 5238 alios

248 5272 319 5341 ide
336 5270 572 5343 Sacramentis
613 5273 753 5341 rofanas
773 5297 794 5340 o
822 5270 959 5339 iniones
974 5265 1107 5340 habent
1149 5283 1184 5339 et

193 5297 323 5444 ileum
345 5373 398 5444 ibi
419 5387 559 5443 tantum
580 5297 705 5464 planem
730 5386 764 5442 ct
791 5295 916 5441 linum
941 5321 1125 5455 exhiberi:
1148 5381 1184 5440 et
1264 5340 1299 5396 Μ
1330 5335 2022 5474 'ffflfflmfflffflssfffflffi
2031 5335 2220 5461 ffm

190 5474 424 5549 Sacramenta
444 5488 583 5548 tantum
600 5496 674 5544 esse
693 5473 793 5564 signa
813 5470 1042 5566 profebsionis
1063 5493 1182 5543 coram
1265 5495 1312 5566 25)
1331 5496 1397 5550 Ρη,
1409 5495 1651 5550 trouueroorum
1661 5497 1798 5549 curruum·

1235 2395 1298 2471 De
1313 2398 1539 2474 invocatione
1554 2401 1793 2494 Sanctorum,
1816 2407 1884 2507 qui
1901 2429 1949 2480 ex
1969 2403 2042 2480 hoe
2063 2406 2139 2478 vito
2162 2430 2227 2480 ex·

1646 2518 1837 2585 cesserunt.
