4868 6420
198 352 244 424 11
771 333 1211 415 EPISTOLARUM
1261 334 1466 416 LIB.1X.
1519 334 1654 411 1543.
2044 419 2087 459 ι,
2186 338 2234 411 12

199 566 206 587 .
228 515 447 618 Philippi
468 510 527 588 M
530 510 602 587 ela
596 506 804 685 Lathonis
830 505 1083 587 Prasmonitio
1107 503 1163 580 od
1243 510 1523 679 accqmmodata,
1549 508 1642 580 inter
1658 532 1745 602 quas
1760 484 1914 601 primum
1938 509 2071 582 exarsit
2087 504 2157 581 hoe
2175 507 2233 581 in-

638 622 796 685 eclorem.
1243 633 1308 680 cen
1335 635 1421 695 rum.

197 752 312 843 Initio
332 768 576 839 admonendus
599 782 651 835 est
674 764 785 832 lector
800 756 1043 846 Christianus,
1069 773 1191 830 contra
1307 842 1317 859 ‚
1342 738 1561 860 Νῠωῖξῐὶξῑῖω
1576 742 1779 861 Ρΐθῆἲθῑξῑῑ,
1804 766 1840 812 θθ
1857 738 1994 863 hostem
2011 764 2086 812 0⁸⁸0
2104 743 2148 810 ¹5⁸
2167 764 2233 833 P0·

197 869 397 944 Mahometi
417 870 554 939 furores
576 863 897 959 praemunitionem
923 855 1013 931 hanc
1037 861 1133 954 piam
1157 875 1192 932 et
1242 843 1354 933 PUDS,
1391 867 1455 936 (11¹1
1484 857 1652 914 luvocant
1679 845 1792 914 fillum
1817 843 1889 964 Der
1910 857 1947 914 et
1972 845 2235 962 amplectuntur

91 1030 93 1035 .
198 974 387 1044 salutarem
411 970 599 1040 tenendam
624 989 708 1038 esse.
767 961 925 1034 Ecclesia
947 959 1081 1034 Christi
1106 987 1192 1054 pro-
1243 939 1498 1062 RP⁰Phel³fU¹1¹
1515 957 1549 1015 θῑ
1563 947 1805 1037 apostolorum
1822 958 1967 1065 scripta:
1992 957 2028 1064 et
2045 942 2234 1063 luepopu-

197 1077 317 1147 figetur
331 1073 530 1142 doctrinam
545 1069 710 1139 traditam
726 1089 790 1157 per
805 1065 940 1156 primos
957 1080 1082 1156 pau-03,
1106 1088 1192 1155 pro.
1243 1046 1287 1113 hs
1304 1040 1395 1114 hane
1411 1069 1520 1136 ipsam
1535 1047 1582 1116 ob
1597 1071 1736 1116 causam
1751 1048 1861 1117 solam
1878 1048 1976 1117 rubet
1990 1047 2114 1116 ruferrr
2130 1047 2233 1163 bella.

196 1173 323 1269 phetas
376 1173 489 1242 filium
508 1168 578 1241 Dei
598 1182 634 1238 et
657 1167 844 1259 apostolos,
902 1163 997 1234 Haec
1023 1179 1057 1236 et
1076 1165 1192 1257 prima
1242 1143 1436 1216 Constituit
1458 1147 1568 1234 igitur
1590 1161 1771 1217 aeternum
1794 1149 2019 1218 latrocinium
2036 1161 2071 1218 et
2085 1171 2235 1238 parraci-

197 1292 252 1349 est
265 1291 298 1347 et
312 1229 536 1346 chnsentiens
551 1254 802 1341 esconfirmata
816 1266 1081 1359 resuscitatione
1095 1291 1194 1335 mor·
1244 1247 1314 1318 dia·
1369 1245 1509 1317 Deinde
1542 1249 1745 1368 ⁰⁰⁰5P851ffl}
1780 1273 1926 1368 Ρΐῡῐξξῑξ
1957 1250 2086 1369 ὃῦθῖἣῑ·
2143 1247 2234 1317 Nam

198 1392 344 1450 tuorum
368 1390 401 1446 et
423 1376 501 1444 aliis
524 1371 702 1442 inusitatis
724 1368 925 1452 eventibus,
956 1391 1045 1458 quos
1059 1367 1193 1437 imitari
1244 1342 1471 1465 Mahometus
1488 1352 1745 1420 coneedrtducr
1766 1365 1800 1421 et
1814 1353 1928 1470 ‘abner
1950 1364 1985 1421 et
2006 1353 2157 1469 abiectas
2178 1372 2234 1417 re-

198 1480 373 1551 diaholica
390 1476 547 1568 potentia
564 1497 638 1542 non
655 1484 778 1563 potest.
818 1468 932 1539 Porro
947 1462 1193 1538 Mahometus
1243 1473 1369 1566 vocare
1389 1475 1426 1517 ¹¹¹
1446 1445 1639 1520 “talamum
1658 1464 1746 1570 th}
1763 1476 1912 1570 quisque
1927 1454 2005 1522 vult
2020 1464 2156 1568 privato
2176 1473 2236 1569 ar:

197 1582 316 1675 palam
349 1580 495 1657 fatetur,
528 1599 564 1645 se
597 1567 850 1665 prophetarum
882 1582 918 1639 er
950 1571 1193 1662 3p03t010fflm
1244 1550 1363 1618 brtrro.
1414 1549 1511 1620 Haec
1532 1552 1640 1641 longe
1661 1555 1832 1623 drssrdent
1854 1552 2146 1632 etramaMorse,
2172 1574 2235 1643 qur

197 1684 326 1774 scripta
342 1680 512 1763 abiicere,
545 1700 585 1745 ae
606 1697 750 1767 prorsus
773 1672 916 1761 gignere
940 1673 1037 1741 aliud
1060 1671 1194 1741 doctri-

196 1808 265 1855 nae
282 1805 403 1873 genns.
447 1778 566 1868 Quare
582 1772 650 1845 bae
667 1787 822 1844 recentes
838 1773 977 1843 tabulae
995 1769 1194 1843 Mabometi

196 1881 315 1955 nihilo
343 1884 423 1973 plus
452 1903 593 1949 movere
616 1890 678 1947 aut
701 1876 843 1944 turbare
864 1869 1086 1944 Christianos
1110 1897 1194 1964 pos-

72 1970 85 1987 *
196 1999 300 2071 sunt,
333 2007 440 2077 quam
462 1996 596 2051 veteres
617 1981 754 2049 furores
773 1971 958 2068 Aegyptii,
989 1977 1052 2068 qui
1075 1978 1194 2060 boves,

114 2082 118 2095 '
196 2088 298 2171 feles,
329 2096 508 2174 serpentes
531 2095 700 2173 tanquam
722 2078 871 2147 numina
894 2079 1075 2162 colebant,
1100 2089 1135 2146 et
1148 2077 1193 2145 ab

197 2189 249 2259 eis
267 2187 437 2258 auxilium
455 2183 633 2275 petebant.

299 2355 374 2425 Has
400 2352 667 2444 superstitiones
694 2345 787 2418 nihil
820 2349 970 2417 dubium
1003 2361 1054 2417 est
1086 2347 1193 2417 fuisse

196 2460 312 2530 multo
336 2457 548 2526 recentiores
571 2476 676 2545 quam
699 2475 821 2519 vocem
846 2450 1003 2517 divinam
1028 2450 1193 2518 traditam

198 2557 325 2631 Nohae
347 2572 380 2626 et
403 2558 478 2626 eius
502 2554 614 2637 filiis„
661 2550 810 2642 Semper
832 2552 940 2639 igitur
964 2551 1088 2634 nobis,
1130 2549 1193 2641 qui

196 2663 328 2732 scimus
351 2656 419 2727 hoc
442 2656 592 2725 verbum
618 2676 680 2744 per
700 2647 909 2744 prophetas,
948 2647 1193 2732 Christum-et

195 2744 375 2853 apdstolos
388 2758 580 2839 traditum,
611 2779 693 2823 vere
711 2754 865 2843 primum
882 2766 916 2845 et
931 2752 1093 2819 divinum
1109 2775 1193 2834 esse,

194 2865 347 2935 tenenda
380 2873 433 2929 est
464 2857 601 2946 regula:
645 2856 762 2924 nullas
795 2853 985 2942 religiones
1012 2853 1093 2921 'sine
1118 2846 1193 2923 hoc

195 2965 308 3033 verbo
338 2960 557 3050 recipiendas
580 2980 664 3028 esse.
731 2953 782 3026 Ut
806 2954 1054 3024 abominamur
1075 2948 1193 3046 Aegy-

196 3066 289 3156 ptias
314 3060 596 3152 superstitiones,
636 3054 882 3147 Corybantum
906 3068 1092 3147 tympana,
1133 3067 1194 3124 aut

196 3161 411 3236 baccharum
427 3162 599 3230 ululatus:
634 3159 683 3226 sic
699 3152 898 3226 Mahometi
915 3155 1040 3225 deliria
1057 3155 1194 3224 abomi-

196 3269 319 3338 nanda
332 3277 433 3347 sunt,
465 3261 548 3355 quia
567 3261 699 3350 pariter
721 3271 805 3327 sunt
828 3271 925 3325 extra
941 3251 1193 3347 prophetarum

198 3368 235 3438 et
257 3365 498 3458 apostolorum
521 3362 671 3430 verbum
693 3383 733 3429 ac
755 3359 964 3428 doctrinam.
1016 3356 1106 3427 Nam
1123 3355 1194 3426 Ee-

198 3469 304 3539 elesia
320 3489 403 3536 vera
419 3462 487 3535 Dei
502 3475 656 3531 extructa
673 3473 724 3529 est
743 3482 848 3549 super
869 3459 1017 3528 verbum
1039 3452 1194 3549 prophe-

198 3585 317 3641 tarum
335 3580 369 3637 et
382 3565 639 3656 apostolorum:
672 3585 737 3630 nec
761 3561 856 3629 ullus
878 3583 1027 3650 usquam
1043 3557 1112 3630 Dei
1129 3582 1195 3649 po-

197 3672 305 3762 pulus
327 3667 535 3756 cogitandus
558 3676 626 3747 est,
669 3662 731 3754 qui
753 3685 828 3730 non
850 3660 1090 3750 amplectitur,
1129 3684 1195 3729 uec

199 3771 302 3842 audit
316 3763 569 3861 prophetarum
584 3777 618 3835 et
633 3763 873 3854 apostolorum
892 3762 1032 3852 scripta.

301 3948 379 4018 Hac
400 3946 592 4028 sententia,
628 3967 718 4036 quae
741 3957 790 4012 est
815 3942 995 4011 verissima
1017 3955 1050 4011 et
1075 3940 1197 4011 certis-

201 4054 290 4125 sima
310 4051 466 4141 primum
488 4045 761 4137 praemuniendi
777 4057 858 4113 sunt
875 4044 986 4112 animi
1002 4057 1124 4113 eontra
1139 4042 1197 4111 fu-

200 4177 299 4227 rores
319 4144 529 4220 Mahometi.
588 4144 727 4215 Deinde
753 4145 912 4214 eruditus
942 4145 1101 4213 conlerre
1130 4145 1198 4211 do-

200 4255 394 4326 ctrinarum
415 4273 541 4339 genera
558 4260 680 4337 potest.
733 4244 830 4334 Quid
848 4246 944 4314 aliud
964 4245 1050 4314 dicit
1065 4239 1197 4312 Maho-

200 4370 315 4425 metus
345 4374 450 4443 quam
474 4350 569 4441 quod
592 4343 752 4417 ethnicae
774 4349 962 4436 religiones
990 4345 1197 4415 tradebant?

201 4451 304 4528 Nihil
325 4453 487 4522 adfirmat
510 4451 553 4518 de
576 4449 782 4518 remissione
799 4461 1039 4539 pcccatorum,
1065 4445 1197 4514 evomit

201 4550 440 4647 blasphemias
469 4551 509 4618 in
543 4549 655 4621 lilium
676 4548 761 4631 Dei,
802 4574 876 4617 non
908 4547 1125 4638 docetquid
1152 4545 1197 4615 sit

201 4655 402 4750 peccatum,
434 4674 508 4719 non
525 4663 698 4720 monstrat
715 4673 835 4719 causas
851 4645 1087 4718 humanarum
1104 4647 1197 4715 cala-

202 4761 386 4837 mitatum,
418 4749 510 4820 nihil
526 4766 640 4844 potest
662 4751 777 4820 dicere
800 4752 844 4819 de
870 4773 952 4818 vera
975 4747 1197 4817 invocatione

203 4861 242 4930 in
256 4861 341 4942 lide3
369 4854 522 4945 denique
536 4877 612 4920 eam
627 4852 837 4934 doctrinam,
859 4850 1003 4940 propria
1016 4862 1067 4917 est
1077 4844 1198 4916 Evan-

203 4960 308 5052 gelii,
346 4970 457 5027 totam
481 4954 612 5023 abiicit.
669 4952 753 5022 ldeo
775 4953 878 5021 facile
899 4964 1014 5041 potest
1035 4949 1198 5038 intelligi,

205 5076 240 5133 et
254 5081 412 5153 pugnare
427 5049 674 5124 Mabometum
699 5053 919 5143 comprima
942 5051 1104 5123 doctrina
1126 5062 1199 5119 tra-

205 5163 279 5234 dita
299 5185 363 5252 per
384 5152 573 5249 prophetas
596 5169 631 5225 et
652 5153 848 5246 apostolos,
879 5169 914 5225 et
933 5166 1071 5224 tantum
1087 5151 1199 5241 parti-

1245 1675 1319 1719 non
1337 1653 1497 1721 concedit
1514 1655 1651 1745 privato
1673 1655 1821 1724 arbitrio
1844 1655 1952 1723 abiici
1974 1677 2139 1736 uxorem,
2170 1673 2235 1720 nee

1245 1752 1404 1821 revocari
1437 1777 1532 1837 eam,
1566 1779 1646 1824 cum
1677 1781 1746 1847 qua
1780 1755 1912 1825 sactum
1939 1744 1997 1824 ‘est
2029 1754 2235 1824 divortium.

1246 1851 1343 1941 Quid
1366 1855 1462 1946 quod
1492 1855 1645 1924 nefarias
1675 1856 1842 1925 libidines
1872 1857 2052 1940 concedit,
2091 1866 2236 1945 propter

1245 1977 1331 2046 quas
1347 1951 1443 2023 Deus
1463 1979 1537 2024 non
1559 1971 1696 2026 tantum
1721 1959 1870 2051 quisque
1893 1958 2018 2043 urbes,
2047 1959 2108 2026 sed
2130 1956 2234 2025 etiam
2342 1995 2347 2001 ·

1246 2078 1346 2146 saepe
1363 2068 1454 2126 totas
1470 2071 1589 2145 gentes
1605 2058 1746 2130 delevit.

1345 2185 1411 2259 Est
1428 2188 1537 2278 igitur
1552 2185 1749 2260 Mahometi
1768 2206 1859 2262 secta
1883 2190 2043 2261 conlusio
2065 2190 2236 2283 quaedam

1245 2313 1286 2358 ex
1308 2284 1556 2379 blasphemiis,
1596 2293 1791 2363 latrociniis
1813 2307 1845 2363 et
1869 2293 2052 2382 flagitiosis
2073 2290 2237 2360 libidini-

1245 2391 1310 2459 bus
1328 2391 1492 2464 eonllata.
1543 2390 1621 2462 Hae
1639 2409 1722 2466 sunt
1744 2395 1947 2464 manifestae
1972 2406 2075 2462 notae
2092 2391 2237 2473 diaboli,

1246 2515 1334 2584 quae
1360 2494 1535 2562 deterrere
1559 2489 1721 2564 homines
1744 2497 1891 2581 debent,
1933 2494 2068 2564 etiamsi
2093 2507 2237 2586 propter

1245 2593 1344 2681 regni
1363 2595 1578 2693 potentiam,
1609 2597 1775 2667 victorias
1798 2611 1832 2668 et
1853 2620 2072 2667 successuum
2098 2593 2237 2683 magni-

1245 2695 1406 2762 tudinem
1437 2696 1528 2764 levia
1557 2696 1697 2786 ingenia
1730 2699 1848 2768 miuus
1879 2694 2112 2767 abhorrente
2141 2706 2237 2764 tanta

1245 2794 1434 2885 impietate.
1486 2795 1557 2867 Sed
1570 2770 1792 2870 Christiimos
1816 2800 1904 2868 seire
1925 2811 2081 2891 oportet,
2113 2794 2236 2864 Eccle-

1245 2896 1332 2964 siam
1352 2896 1391 2964 in
1405 2892 1470 2965 hac
1489 2897 1680 2969 subiectam
1703 2924 1776 2970 esse
1800 2901 1912 2985 cruci,
1945 2913 1979 2970 et
2001 2922 2103 2990 saepe
2122 2898 2236 2989 impe

1244 2997 1298 3066 ria
1314 2999 1421 3067 fuisse
1438 3023 1544 3090 penes
1563 3000 1690 3091 impias
1707 3017 1838 3090 gentes.

1346 3132 1471 3204 Tertio
1487 3147 1520 3203 et
1534 3129 1602 3206 hoc
1617 3138 1705 3207 utile
1721 3152 1770 3207 est
1787 3137 1873 3228 piis,
1905 3162 2073 3231 quaerere
2094 3162 2135 3207 ex
2151 3137 2237 3230 ipsis

1245 3230 1427 3325 prophetis
1442 3248 1475 3305 et
1490 3239 1657 3326 apostolis
1673 3241 1886 3312 testimonia.-
1930 3238 2144 3310 Praedicunt
2158 3254 2238 3331 post

1245 3334 1432 3424 Evangelii
1453 3340 1740 3430 propagationem
1758 3337 1956 3410 Mahometi
1969 3344 2129 3425 errores,
2161 3364 2238 3411 eos·

1246 3439 1517 3541 quetdarnnant.
1575 3435 1675 3509 Nihil
1700 3442 1842 3527 dubito,
1881 3439 2066 3511 Danielem
2095 3443 2238 3511 concio·

1246 3539 1325 3607 nari
1340 3540 1384 3607 de
1402 3561 1509 3628 regno
1525 3535 1784 3627 Mahometieo,
1810 3568 1888 3612 curu
1905 3546 1949 3612 de
1961 3546 2109 3635 parvulo
2126 3567 2238 3613 cornu

1247 3639 1475 3708 vaticinatur:
1503 3643 1597 3732 quod
1616 3642 1732 3734 inquit
1748 3645 1882 3713 bellum
1900 3645 2030 3714 inferre
2051 3646 2181 3715 sanctis
2203 3658 2237 3714 et

1247 3741 1448 3831 praevalere
1464 3742 1533 3825 eis,
1559 3756 1593 3811 ot
1609 3743 1707 3836 loqui
1723 3770 1901 3816 sermones
1917 3761 2038 3816 contra
2054 3748 2238 3815 excelsum.

1248 3841 1329 3910 Non
1344 3843 1473 3910 frustra
1487 3837 1573 3912 haec
1591 3849 1888 3934 praemonstravit
1901 3845 1997 3918 Deus
2012 3863 2092 3917 ante
2107 3842 2240 3916 blaho-

1248 3955 1379 4010 metum
1396 3943 1499 4011 annis
1512 3945 1663 4034 amplius
1681 3948 1797 4032 mille,
1832 3973 1871 4017 ae
1886 3950 1929 4017 de
1943 3944 2149 4018 Mahometo
2168 3948 2239 4017 dici

1248 4043 1332 4111 inde
1346 4043 1475 4134 liquet,
1508 4044 1589 4136 quia
1602 4062 1681 4136 post
1694 4046 1852 4119 Romani
1868 4048 2013 4140 Imperii
2033 4049 2238 4118 inclinatio·

1248 4167 1330 4211 nem
1358 4144 1396 4211 in
1419 4139 1569 4214 Oriente
1594 4149 1747 4236 primum
1771 4151 1896 4221 extulit
1917 4166 2022 4241 eaput
2042 4146 2240 4223 Mahometi

1248 4244 1370 4329 factio,
1403 4246 1517 4336 prima
1540 4249 1666 4316 subitis
1689 4253 1904 4320 successibus
1927 4275 2073 4342 regnum
2096 4252 2240 4343 peperit,

1249 4346 1345 4438 quod
1368 4348 1512 4416 caeteris
1536 4350 1694 4438 potentia
1720 4353 1934 4425 antecelluit.
2000 4351 2241 4423 Concionatur

1249 4459 1365 4516 autem
1383 4444 1511 4517 Daniel
1529 4451 1573 4518 de
1596 4473 1724 4540 regno,
1758 4455 1855 4545 quod
1878 4454 2072 4525 collabente
2096 4477 2241 4522 monar-

1249 4541 1327 4615 chia
1352 4548 1390 4614 in
1408 4543 1557 4619 Oriente
1580 4566 1816 4639 grassaturam
1841 4571 1933 4639 erat,
1965 4556 2157 4645 etquidem
2173 4579 2240 4624 no-

1249 4671 1310 4716 vas
1323 4644 1558 4738 blasphemias
1571 4665 1691 4722 contra
1703 4651 1818 4724 Deum
1832 4657 1940 4733 armis
1955 4669 2242 4745 propagaturum.

1251 4746 1359 4817 Vides
1380 4749 1507 4837 igitur,
1533 4751 1589 4840 pie
1612 4752 1740 4839 lector,
1765 4757 1858 4825 clara
1874 4780 1959 4826 voce
1974 4754 2041 4824 Dei
2058 4761 2241 4825 damnatos

1251 4872 1323 4918 esse
1348 4845 1547 4921 Mahometi
1571 4876 1706 4924 errores
1729 4879 1769 4924 ae
1791 4881 1952 4946 regnum.
2016 4855 2105 4929 Etsi¹
2124 4872 2242 4927 autem

1250 4950 1342 5020 liber
1357 4946 1554 5022 Mahometi
1576 4957 1663 5024 adeo
1681 4957 1828 5026 refertus
1845 4975 1895 5028 est
1912 4959 2123 5049 prodigiosis
2139 4960 2243 5029 fabu-

1250 5051 1306 5134 lis,
1331 5064 1371 5119 ut
1385 5054 1463 5122 sani
1475 5053 1577 5122 facile
1592 5052 1861 5146 deprehendant
1872 5076 2031 5132 autorem
2048 5058 2243 5144 diabolum,

1251 5152 1314 5245 qui
1332 5147 1463 5222 talibus
1487 5156 1606 5224 sannis
1628 5159 1766 5229 deridet
1779 5158 1894 5231 Deum
1918 5176 1953 5231 et
1975 5153 2154 5230 homines}
2190 5176 2243 5228 ta-

204 5265 325 5335 culum
342 5258 522 5329 doctrinae
538 5257 686 5325 rationis
701 5249 877 5324 humanae
894 5257 937 5324 de
954 5255 1046 5344 lege,
1076 5254 1199 5320 sende
1250 5276 1334 5320 men
1358 5247 1443 5323 haec
1467 5255 1632 5326 lectorem
1655 5263 1883 5349 praemonui,
1917 5275 1976 5344 ut,
2008 5263 2039 5328 si
2061 5262 2243 5356 quidfor-

203 5365 364 5435 moribus
372 5360 546 5437 retinere,
566 5357 617 5423 ‘in
638 5381 707 5449 qua
723 5357 798 5447 ipsa
812 5371 932 5427 tamen
947 5356 1059 5424 multa
1075 5355 1200 5422 insunt
1252 5353 1353 5421 tassis
1368 5355 1500 5424 alicubi
1514 5359 1632 5427 miuus
1648 5362 1843 5433 scurriliter
1859 5364 1931 5433 dici
1947 5365 2107 5447 videtur,
2125 5377 2242 5433 tamen

202 5467 325 5546 foeda,
341 5474 393 5531 ·et
415 5462 458 5529 ad
480 5458 646 5528 barbaras
661 5457 740 5528 illas
756 5458 917 5528 nationes
934 5457 1199 5545 coniungendas
1252 5455 1422 5540 sciamus,
1449 5469 1562 5528 totum
1579 5454 1646 5529 hoc
1659 5486 1784 5552 poema
1799 5459 1914 5535 nihilo
1930 5466 2011 5558 plus
2024 5467 2067 5535 ad
2082 5486 2148 5533 nos
2163 5488 2244 5555 per-
