4868 6420
81 273 158 351 878

185 437 304 514 Deum
326 466 411 530 oro,
434 437 667 521 utEcelesias
690 462 772 514 suas
792 455 828 514 et
847 438 1012 515 honestas
1035 465 1076 514 ac

83 545 161 640 pias
185 559 279 616 artes
302 559 413 635 tegat,
440 569 597 639 quarm
617 543 854 635 patrocinium
879 545 984 615 etiam
1007 543 1075 616 tibi

84 647 307 719 commendo.
369 642 418 716 Et
447 670 529 716 cum
553 638 724 715 Adamas
747 639 930 715 Ranaslti
953 646 1075 717 adole-

84 771 186 819 scens
198 746 499 831 modestissimus,
522 760 556 817 et
571 748 683 817 literis
698 748 790 817 bene
806 749 982 833 exudtus,
1006 761 1075 818 ate

85 844 176 919 mihi
199 848 321 918 literas
343 848 520 928 attulerit,
555 872 677 919 rursus
699 849 767 919 tibi
789 873 870 919 eum
891 870 1073 921 commen-

86 950 246 1025 dandum
268 950 365 1023 duri.
416 947 506 1020 Nam
530 964 564 1021 et
590 952 747 1021 modeste
768 951 862 1043 apud
888 953 954 1021 nos
975 949 1074 1033 vixit,

87 1066 122 1123 et
152 1049 323 1121 scribenti
350 1049 452 1140 copia
484 1042 624 1118 Latini
651 1052 826 1120 semuouis
857 1075 932 1121 non
966 1052 1073 1123 deest.

87 1150 208 1240 Quare
223 1165 258 1223 te
272 1175 356 1236 oro,
381 1165 421 1222 ut
439 1152 483 1221 ad
504 1174 581 1220 eam
601 1152 885 1223 benevolentiam
903 1176 972 1245 qua
993 1175 1073 1220 eum

88 1266 172 1323 ente
203 1252 406 1345 complexus
435 1275 490 1332 es,
526 1276 622 1322 nunc
651 1252 787 1346 aliquid
820 1254 931 1324 studii
955 1255 1075 1335 addas,

88 1357 272 1446 propterea
293 1355 390 1446 quod
414 1354 592 1443 specimen
614 1354 806 1425 modestiae
823 1368 858 1426 et
872 1353 1077 1444 diligentiae

88 1477 171 1525 suae
187 1456 280 1545 apud
295 1466 430 1524 exteros
446 1454 614 1524 eximium
630 1456 843 1546 praebuerit.
874 1453 971 1525 Bene
987 1454 1076 1526 vale.
1129 1516 1138 1534 ‚

88 1551 158 1626 Die
172 1549 272 1651 27.')
283 1549 429 1645 Aprilis.
448 1553 539 1644 ¹Quo
555 1568 637 1625 ante
655 1579 768 1626 annos
782 1571 835 1627 ter
849 1557 947 1626 mille
963 1555 1077 1626 octin-

87 1670 213 1746 gentos
233 1646 465 1750 quadraginta
487 1671 640 1749 quatuor
653 1651 743 1729 Noe·
762 1682 803 1726 er
826 1680 905 1727 arca
922 1677 1078 1746 egressus

89 1772 153 1830 est.
204 1756 350 1830 Utinam
367 1772 408 1827 ut
424 1770 509 1827 tunc
523 1772 657 1828 servata
673 1773 724 1828 est
746 1759 786 1826 in
802 1758 938 1828 diluvio
954 1755 1078 1827 Eccle-

89 1859 141 1937 sia
154 1855 236 1933 Dei.
287 1856 339 1941 lta
361 1882 458 1928 nunc
472 1859 511 1926 in
525 1856 732 1949 Regnorum
749 1859 895 1930 diluviis
908 1873 1078 1931 servetur.

53 2044 56 2049 ,
91 1957 201 2030 Anno
221 1955 330 2030 1544.

667 262 1107 346 EPISTOLARUM
1156 269 1354 350 ttulit.
1406 269 1541 350 1644.

1138 441 1206 518 Νο.
1221 444 1338 520 29³0.

1275 614 1278 617 ¹
1480 640 1536 727 N.
1559 639 1764 726 Medlero.

1194 821 1218 876 E
1235 821 1297 876 cod.
1310 821 1407 878 Barari
1421 819 1485 876 Vol.
1497 820 1532 875 ll.
1555 839 1583 893 p.
1599 820 1659 875 850.
1677 840 1691 876 a
1711 818 1886 875 ballenstadt.
1900 819 1936 876 ll.
1956 821 2036 894 epi.
2055 832 2082 877 et
2098 843 2114 880 a

1225 889 1424 944 Zscbeichselio
1437 889 1465 943 in
1480 887 1508 943 d.
1523 889 1627 945 Unscb.
1640 888 1739 945 Naebr.
1759 889 1838 944 1740.
1856 908 1883 961 p.
1898 891 1957 945 190.
1977 900 2004 944 ct
2022 909 2114 1012 anper

1227 959 1349 1100 :crima
1370 975 1411 1031 ep.
1430 956 1473 1013 15.
1508 958 1589 1015 Nunc
1611 958 1703 1013 denuo
1722 966 1850 1014 sccunte
1870 959 1962 1016 ecod.
1977 975 2039 1030 ipso
2081 975 2112 1011 e·

1403 1178 1608 1257 Nicotao
1638 1177 1849 1255 Medlero

1125 1291 1172 1382 S.
1196 1309 1242 1386 D.
1294 1307 1461 1383 Ofelices
1475 1314 1654 1401 ecclesias,
1677 1315 1741 1386 ubi
1763 1309 1802 1382 hi
1817 1320 1901 1384 sunt
1916 1313 2033 1383 mutui
2049 1316 2114 1384 ad-

1126 1415 1236 1484 fectus
1250 1415 1436 1485 doctorum
1453 1429 1487 1485 et
1503 1417 1648 1507 populi,
1673 1440 1762 1509 quos
1779 1413 1912 1485 Paulus
1935 1416 2115 1503 describit,

1127 1517 1309 1609 inquiens:
1342 1517 1427 1614 quis
1451 1524 1502 1585 est
1526 1540 1662 1586 corona
1680 1540 1760 1585 mea
1783 1513 1862 1586 nisi
1876 1510 2004 1610 vos?¹)
2030 1515 2114 1615 quis

1128 1625 1179 1687 est
1194 1640 1328 1686 corona
1345 1625 1461 1686 vestra
1476 1615 1555 1687 nisi
1570 1616 1662 1711 ego?
1691 1615 1817 1688 Talem
1839 1618 2116 1688 benivolentiam

1128 1733 1287 1789 mutuam
1312 1732 1353 1789 ut
1371 1717 1469 1789 Deus
1484 1720 1605 1789 multis
1619 1717 1707 1790 locis
1722 1719 1912 1808 largiatur,
1938 1743 1978 1788 ex
1994 1719 2115 1788 anima

1129 1835 1226 1911 opto.
1278 1817 1335 1888 lbi
1350 1821 1444 1889 enim
1461 1821 1580 1890 faciles
1593 1834 1627 1890 et
1639 1819 1723 1890 felix
1739 1819 1948 1911 gubernatio
1965 1821 2027 1900 est,
2052 1818 2117 1889 ubi

1131 1923 1179 1991 sic
1201 1934 1295 1990 amat
1325 1921 1477 2013 populus
1497 1935 1693 2013 pastorem,
1725 1934 1759 1991 et
1786 1934 1906 2012 pastor
1931 1920 2117 2012 populum.

1130 2021 1212 2092 Non
1234 2023 1440 2093 dubitabam
1463 2024 1506 2090 de
1527 2023 1708 2094 voluntate
1737 2036 1818 2092 tuae
1843 2021 2026 2106 ecclesiae,
2054 2022 2119 2090 sed

1057 2166 1064 2178 ·-
1131 2125 1193 2194 illa
1215 2125 1286 2193 duo
1307 2147 1444 2193 mecum
1466 2123 1707 2214 disputabam,
1732 2121 1889 2193 fortassis
1917 2136 1951 2191 te
1974 2135 2118 2213 propter

90 2380 160 2455 No.
175 2380 287 2455 2929.

98 2476 270 2507 m

930 2382 1083 2502 Qu

391 2585 483 2668 Pet.
515 2585 791 2669 Medmanrw.

160 2742 240 2800 Edita
254 2763 270 2800 a
283 2744 314 2801 S.
327 2745 363 2802 A.
376 2743 513 2801 Gabbema
527 2747 555 2800 in
569 2724 764 2819 epistelaror.
776 2746 863 2801 viror.
876 2764 904 2817 p.
919 2745 963 2800 88.

93 2896 319 2976 Clarissimo
337 2901 435 2988 viro,
457 2899 658 2974 eruditione
674 2912 706 2972 et
722 2901 851 2973 virtute
864 2905 1083 2999 praestanti,

94 3001 148 3082 D.
162 2999 241 3075 Pet
251 3000 615 3089 roMedmanno‚
642 3003 680 3073 in
701 3001 794 3073 aula
811 3000 997 3083 Electoris
1011 2996 1082 3074 Co-

318 3102 515 3187 loniensis‚
543 3104 662 3176 amico
678 3129 746 3175 sao
773 3102 812 3175 S.
826 3101 881 3176 D.

94 3234 183 3338 Etsi
204 3258 387 3331 silentium
408 3260 470 3330 tali
495 3273 653 3354 tempore
677 3262 823 3333 moleste
845 3263 941 3347 fero,
966 3250 1083 3334 tamen

45 3410 48 3415 .
96 3383 172 3429 uon
186 3361 346 3452 suspicor
361 3375 394 3430 te
409 3363 602 3432 voluntatis
617 3363 829 3455 alienatione
845 3376 970 3436 tacere.
1001 3361 1083 3433 Scio

95 3460 194 3531 enim
217 3485 395 3532 summum
417 3486 489 3532 esse
507 3465 658 3555 pectoris
675 3464 728 3534 tui
745 3466 933 3534 candorem
948 3479 982 3535 et
997 3488 1085 3533 con-

96 3564 263 3633 stantiam
280 3563 509 3651 dignamviro
524 3565 632 3638 bono.
659 3564 727 3636 Sed
745 3579 863 3635 tamen
877 3566 1000 3634 dolore
1017 3565 1084 3634 ali-

97 3686 170 3758 quo
195 3665 360 3756 impediri
380 3678 415 3735 te
437 3679 577 3751 metuo,
612 3667 802 3758 quominus
822 3666 965 3738 scribas.
1020 3664 1085 3734 Li-

99 3889 180 3935 rum
199 3866 348 3938 miseris.
405 3863 523 3936 Hodie
545 3867 686 3958 Lipsiae
707 3881 791 3938 suut
813 3868 1086 3937 deliberationes

1133 2225 1249 2296 aulam
1273 2238 1426 2294 vestram
1448 2224 1661 2295 malle'alibi
1684 2246 1774 2307 esse;
1800 2222 1929 2292 d'einde
1952 2223 1990 2291 in
2008 2220 2120 2292 Saxo-

1133 2328 1194 2396 nia
1208 2325 1329 2396 multis
1348 2339 1381 2396 te
1399 2326 1563 2415 gentibus
1579 2320 1755 2417 servire²)
1771 2346 1883 2415 posse.
1934 2320 2037 2392 Hanc
2057 2324 2120 2391 de-

1134 2427 1378 2498 liberationem
1391 2426 1525 2516 ⁴velim,
1550 2441 1585 2497 te
1609 2427 1704 2517 apud
1727 2425 1885 2494 animum
1900 2429 2002 2494 tuum
2016 2422 2123 2495 insti-

1133 2543 1244 2604 tuere.
1294 2525 1362 2597 Die
1383 2528 1546 2620 proximo
1569 2527 1691 2598 martis
1706 2526 1846 2595 veniam
1861 2519 2123 2617 Naobargum,
2149 2579 2153 2585 .

1134 2629 1248 2700 iturus
1276 2624 1513 2699 Wmariam
1536 2640 1683 2720 propter
1702 2629 1882 2720 quoddam
1904 2627 2034 2699 tutelae
2057 2633 2129 2696 ne·r

1133 2725 1329 2825 gotium⁸).
1379 2728 1478 2799 Bene
1494 2730 1582 2801 vale.
1634 2726 1801 2800 Calendis
1819 2724 1910 2797 Maii
1930 2721 2038 2799 1644.

1134 3065 1199 3138 Νο.
1214 3064 1328 3138 2981.

1140 3162 1313 3192 Μ

1957 3064 2123 3147 (rutra.)

1952 3155 2123 3184 Μ

1508 3179 1751 3356 (pagena.)

1203 3411 1227 3467 Ε
1240 3410 1336 3466 codice
1349 3409 1444 3463 Bavari
1457 3407 1521 3462 Vol.
1536 3407 1570 3464 ll.
1584 3425 1611 3476 p.
1622 3406 1683 3460 3⁵1.
1702 3403 1756 3459 iam
1771 3402 1837 3457 olim
1852 3421 1867 3456 a
1881 3402 2079 3459 Zscbeicbselio
2093 3403 2123 3457 ἰι
2168 3449 2174 3464 ,

1236 3479 1264 3533 d.
1284 3478 1388 3533 Unscb.
1407 3476 1507 3531 Nachr.
1529 3475 1603 3530 1740.
1622 3493 1650 3545 p.
1665 3473 1739 3539 180„
1763 3489 1838 3526 uuna
1857 3472 1947 3525 denuo
1961 3473 2041 3528 edita.
2076 3471 2124 3528 Eu

1236 3545 1354 3600 nuncius
1372 3546 1405 3598 de
1424 3553 1560 3598 conventu
1573 3540 1712 3611 Spirensi,
1727 3539 1834 3593 additus
1852 3539 1980 3620 epistolae
1994 3540 2026 3592 ad
2040 3539 2123 3593 Med-

1207 3631 1210 3635 ’
1234 3615 1322 3668 lerum
1340 3613 1367 3668 d.
1380 3610 1439 3667 cst.
1452 3612 1518 3664 Mai.
1532 3611 1606 3666 1144.
1641 3608 1751 3662 Solebat
1769 3606 1837 3663 Mel.
1852 3607 1986 3662 eiusmodi
2005 3606 2123 3678 pagellas

1232 3700 1366 3740 novumn
1379 3699 1472 3734 rerum
1484 3677 1578 3734 amicis
1599 3676 1717 3732 mittere.

1379 3830 1640 3933 „Philippi
1663 3830 1875 3930 scriptum.”

98 3969 145 4036 de
169 3961 349 4058 Episcopo
362 3962 729 4064 Mersburgensi**),
752 3971 795 4038 de
819 3969 949 4061 quibus
975 3991 1084 4058 pauca
1133 3955 1182 4048 ln
1206 3987 1382 4046 conventu
1406 3971 1567 4064 Spirensi
1588 3982 1698 4040 status
1720 3967 1859 4058 imperii
1884 3969 2124 4059 promiserunt

98 4062 244 4137 Basaro
254 4069 392 4159 scripsi:
411 4070 962 4160 nondumenimplurasciebam.
976 4067 1085 4138 Mitto

1135 4079 1265 4151 auxilia
1285 4074 1335 4146 24
1358 4074 1468 4142 millia
1490 4073 1669 4164 peditum,
1695 4068 1718 4140 4
1739 4068 1852 4137 millia
1876 4071 2035 4162 equitum
2054 4069 2124 4141 Ca.

100 4169 169 4240 tihi
183 4168 346 4261 pagellas,
370 4194 520 4263 quatum
536 4171 641 4240 lectio
659 4170 804 4241 sortasse
821 4170 1012 4240 iucundior
1027 4183 1088 4251 0⁵¹,
1137 4183 1214 4251 rolo
1238 4176 1461 4266 imperatori,
1489 4174 1649 4242 ducenda
1671 4183 1791 4240 contra
1813 4167 1947 4259 Regem
1966 4166 2124 4255 Gallum,

100 4294 211 4362 quam
232 4266 380 4339 historia
403 4288 616 4350 conventus,
643 4295 748 4364 quam
771 4272 879 4341 audio
905 4270 1087 4360 paullatim
1138 4296 1172 4352 et
1188 4303 1246 4350 rex
1265 4276 1390 4346 Gallus
1416 4275 1668 4355 iudicatusest
1683 4267 1794 4341 hostis
1819 4271 1969 4362 imperti.
2020 4269 2124 4342 Nunc

100 4370 181 4440 fieri
209 4373 514 4461 Perlssrlttllorem·
577 4369 786 4461 Impendent
809 4371 932 4440 18131θὸ
955 4394 1089 4461 P⁰⁰1¹³⁸
1139 4396 1222 4453 sunt
1239 4376 1509 4447 deliberationes
1533 4376 1577 4443 de
1597 4398 1682 4465 pace
1708 4372 1799 4441 iuter
1812 4372 1989 4464 principes
2005 4386 2036 4441 et
2052 4386 2125 4442 sta·
2194 4411 2201 4419 ·

100 4471 224 4561 generi
253 4466 431 4556 humano,
463 4495 549 4563 quas
571 4485 611 4542 Ul
631 4470 726 4541 Deus
749 4471 904 4560 mitiget>
938 4493 1090 4541 oremus·
1140 4498 1197 4554 tus
1215 4478 1447 4551 Germanicos
1470 4476 1640 4546 facienda.
1692 4472 1745 4542 De
1767 4479 1850 4563 pace
1872 4471 2006 4543 Danica
2029 4475 2125 4543 bona

99 4569 304 4658 clamemus
325 4572 521 4656 adDfflffl,
546 4587 587 4642 ¹11
609 4567 805 4662 Pf⁰Ph⁸l³2
830 4595 910 4640 cum
932 4570 1092 4641 irasceris
1140 4607 1218 4675 spes
1246 4593 1308 4652 est.
1360 4567 1523 4646 Carolus
1547 4575 1716 4657 ostendit,
1750 4596 1786 4642 se
1808 4598 1929 4665 pacem
1951 4576 2126 4644 decenna-

99 4671 200 4754 Dent
215 4676 400 4744 recordare
415 4673 676 4743 misericordiae
690 4687 780 4745 luae·
832 4669 929 4743 Bene
946 4672 1037 4758 Vale,
1059 4686 1092 4742 θῑ
1142 4688 1209 4754 lem
1235 4703 1481 4752 concessurum
1510 4701 1601 4760 esse,
1637 4690 1672 4745 et
1690 4676 1794 4767 petit,
1827 4676 1871 4742 ad
1896 4698 1931 4743 se
1956 4678 2127 4745 exercitus

102 4774 267 4847 rescribe.
320 4774 387 4845 Die
405 4775 530 4846 ultimo
546 4773 692 4867 Aprilis.

559 4871 748 4966 Philippus
769 4869 993 4946 Melanthum

102 5068 313 5080 ——uffl

99 5255 102 5258 ⁴
139 5191 174 5258 ⁸)
191 5191 253 5247 Pes.
266 5190 397 5244 mendose
410 5191 487 5243 habet
499 5191 527 5243 d.
544 5188 584 5242 17.
598 5189 668 5255 Apr.

140 5275 188 5338 *ἢ
208 5275 343 5331 Videlicet
358 5273 485 5328 creando.
520 5272 627 5327 Electus
646 5271 997 5342 estGeorgiusAnbaltinns
1015 5270 1093 5323 Priu-

177 5362 248 5466 :ffiu
274 5375 307 5386 —
343 5341 463 5415 Epistola
482 5340 664 5396 Melantbonis
685 5341 718 5394 ad
740 5341 877 5396 Buoerum
897 5358 928 5394 es
946 5339 979 5394 de
999 5357 1027 5392 re
1046 5357 1096 5411 pe-

1141 4785 1294 4859 Danicos
1311 4782 1413 4853 mitti.
1466 4778 1507 4847 lu
1523 4776 1706 4863 Hungaria
1729 4771 1793 4844 hac
1816 4789 1943 4845 aestate
1967 4778 2129 4846 nondum

1143 4887 1329 4980 quicquam
1354 4893 1537 4972 gesserunt
1552 4878 1678 4962 Turci,
1698 4891 1736 4947 et
1760 4876 1987 4947 confirmatur
2007 4877 2128 4967 opinio

1146 5071 1360 5083 ...ῥοῇ-...-

1181 5173 1206 5237 1)
1224 5170 1285 5236 qais
1299 5176 1405 5221 estete.
1426 5184 1482 5218 nou
1497 5164 1577 5220 babet
1590 5149 1719 5216 Ballenst'.

1179 5256 1207 5322 2)
1229 5254 1354 5309 llallenst.
1374 5254 1517 5304 r'uservire.
1607 5278 1610 5288 ·

1181 5340 1208 5405 3)
1228 5339 1290 5391 Erat
1310 5346 1383 5387 tutor
1398 5336 1547 5386 liberorum
1563 5309 1839 5400 Christiani'lleyeri,
1864 5326 2033 5384 bucellarii.
2069 5323 2132 5379 Vid.

1217 5407 1293 5476 epist.
1309 5404 1340 5456 ad
1357 5401 1579 5471 Meieuburgium
1593 5402 1677 5456 (1.23.
1692 5399 1757 5452 Maii
1769 5403 1794 5453 b.
1810 5417 1832 5451 a.
2185 5416 2196 5426 ν

1339 5469 1416 5544 et*
