4868 6420
135 363 212 446 1sr
706 366 1148 495 uersaouanuu
1197 370 1309 452 ura.
1341 373 1407 456 ur.
1451 371 1595 474 rsus.
1805 327 1807 330 ⁷
2097 299 2175 443 isa

133 539 272 612 animas
292 551 430 613 nostras
451 542 709 636 crucifigentes,
731 544 817 614 dum
838 544 1017 631 videmus,
1038 568 1129 639 quo-
1176 544 1363 639 quillitate.
1412 542 1531 618 Multa
1547 544 1657 637 igitur
1676 540 1872 615 sciscitatus
1893 565 1975 614 cum
1996 542 2171 629 audirem,

133 644 201 716 ties
223 642 459 760 prospicimus
481 642 613 716 advehi
631 645 886 739 supellectilem
909 646 1128 718 miserrimo·
1176 661 1209 718 te
1226 649 1415 720 liberatum
1433 670 1507 717 esse
1522 659 1594 719 rota
1608 645 1775 715 molestia
1786 645 1936 729 tutelae,
1949 657 1996 713 et
2010 668 2086 715 non
2107 666 2166 714 so·

133 757 457 854 rumrnstrcorum.
507 744 591 818 Non
607 747 726 818 'miror
738 743 1017 818 Melancholiam
1044 743 1129 817 hinc
1175 749 1251 819 lum
1266 749 1342 820 sine
1357 749 1527 843 periculo,
1551 749 1609 819 sed
1629 748 1733 818 etiam
1747 748 1826 816 sine
1840 745 1923 816 odio
1940 740 2166 835 Erphonliao
2203 752 2210 760 '

133 846 255 938 augeri
271 840 373 921 mihi.
425 843 469 915 ln
483 845 640 920 Caesaris
656 851 850 920 adventum
872 864 1018 942 paratur
1033 846 1129 920 Can·
1175 851 1294 921 vivere
1307 875 1420 943 posse,
1444 850 1583 921 decrevi
1599 844 1667 919 hac
1679 850 1724 918 de
1738 873 1776 918 re
1790 873 1870 919 cnm
1885 834 2167 917 IouchimoCo-
2226 919 2230 923 ,

132 948 276 1019 cellaria
298 944 458 1023 Bonnae.
515 947 725 1041 Moguntiae
754 946 871 1022 adhuc
892 966 943 1040 est
967 938 1129 1020 Carolus
1174 950 1354 1040 maruvio,
1378 976 1482 1047 quem
1505 953 1577 1022 scio
1596 952 1650 1022 tui
1663 951 1945 1021 amantissimum
1958 972 2051 1036 esse,
2076 963 2109 1020 et
2126 948 2166 1021 in

132 1052 221 1122 dum
236 1045 323 1118 haec
337 1048 453 1119 scribo
462 1042 517 1143 *),
542 1053 599 1122 vel
615 1052 654 1121 in
670 1053 810 1128 itinere.
855 1048 1019 1125 Christus
1034 1052 1129 1143 opti·
1175 1057 1294 1126 dando
1308 1055 1456 1126 consilio
1470 1078 1544 1124 non
1558 1053 1673 1123 solum
1688 1052 1849 1140 fidelem,
1869 1051 1930 1122 sed
1948 1051 2055 1122 etiarn
2079 1049 2166 1120 dili·

132 1174 214 1222 mus
227 1149 401 1221 maximus
414 1152 560 1244 aspiciat
573 1177 630 1226 res
642 1155 900 1226 addictissimas
914 1152 1128 1226 Germaniae
1174 1171 1297 1246 genter
1324 1156 1445 1228 omnia
1472 1154 1830 1246 circumspicientem,
1867 1176 1959 1249 quae
1984 1150 2166 1244 provideri

132 1276 175 1324 ac
188 1252 396 1322 misereatur
410 1255 535 1326 nostri.
584 1255 736 1350 Reliqua
757 1257 803 1326 ab
822 1251 890 1327 hoc
915 1256 1030 1326 nobili
1051 1268 1128 1324 stu·
1175 1272 1340 1349 possunt,
1372 1256 1540 1351 colloqui.
1593 1252 1670 1346 Ego
1692 1255 1835 1348 quidem
1857 1255 1905 1325 ita
1927 1252 2059 1340 senti03
2094 1249 2187 1324 Er·-

133 1353 256 1440 dioso,
284 1353 348 1447 qui
372 1354 512 1446 pietatis
534 1370 569 1427 et
592 1358 801 1450 disciplinae
823 1358 936 1448 gratia
948 1357 1128 1430 Wittem-
1175 1361 1325 1430 fordiam
1349 1359 1426 1429 sine
1451 1358 1612 1427 maximis
1632 1358 1744 1427 causis
1767 1381 1842 1426 non
1864 1379 1938 1425 esse
1957 1355 2167 1448 relinquen·

131 1456 277 1547 bergam
299 1457 422 1542 vadet,
458 1481 565 1551 quem
586 1461 872 1530 commendatum
892 1484 958 1552 pro
980 1472 1039 1530 tua
1058 1452 1126 1527 hu·
1174 1465 1275 1543 darn,
1301 1460 1506 1553 praesertim
1523 1454 1882 1550 hoctempore,1cum
1902 1457 1940 1526 in
1955 1454 2166 1548 Principum

131 1558 301 1629 suauitate
324 1551 482 1627 habebis.
539 1556 684 1632 Referet
705 1555 890 1631 historiam
912 1561 1017 1655 plane
1039 1555 1128 1630 hor·
1173 1563 1332 1657 imperiis
1348 1562 1500 1632 subinde
1518 1561 1667 1631 existant
1680 1559 1789 1630 subiti
1804 1574 1837 1631 et
1859 1551 2008 1632 πανικοὶ
2030 1558 2168 1631 tumul-

131 1655 301 1729 rendam!
321 1658 388 1774 ‘de
418 1659 488 1751 piis
514 1661 709 1732 combustis
737 1661 902 1734 Lovanii.
961 1661 1127 1733 Salutant
1173 1680 1241 1736 tus.
1295 1662 1568 1757 ¹Qualiscunque
1593 1676 1703 1735 status
1727 1674 1780 1734 est
1802 1660 2009 1746 civitatum,
2045 1672 2165 1730 tamen

63 1833 68 1841 ,
131 1761 204 1880 mei
218 1750 438 1857 Philippum
453 1786 493 1837 ac
507 1785 601 1835 suos.
645 1759 834 1833 Eusebius
849 1786 885 1833 se
901 1762 1126 1853 singulariter
1173 1767 1409 1837 moderatiora
1425 1763 1754 1856 ibisuntimperia,
1781 1775 1815 1833 et
1838 1761 1967 1832 certior
1989 1774 2041 1834 est
2064 1772 2165 1830 tran-
2204 1836 2209 1848 ¹

130 1863 200 1932 triu
222 1863 456 1937 commendat.
515 1860 686 1954 Bonnae,
724 1865 896 1958 postridie
928 1863 1125 1938 Laurentii.
1173 1869 1348 1962 quillitas,
1374 1890 1480 1961 quam
1496 1869 1534 1940 iu
1549 1865 1758 1959 Principum
1773 1863 2047 1956 gubernatione,
2072 1850 2166 1956 quae

133 1962 245 2041 1545·
1172 1964 1269 2040 nunc
1283 1970 1426 2064 quidem
1442 1968 1673 2039 incertissima
1695 1980 1765 2052 est,
1800 1977 1833 2036 et
1856 1964 1964 2035 alicui
1987 1988 2061 2033 non
2086 1964 2167 2033 sine

838 2065 880 2144 C.
902 2065 1020 2138 Hedio
1172 2072 1327 2145 saevitia.
1358 2067 1439 2162 ¹Ego
1455 2072 1598 2165 quidem
1609 2092 1717 2159 saepe
1732 2092 1773 2139 ac
1789 2066 1912 2138 multis
1927 2061 1994 2136 hoc
2012 2067 2061 2135 do
2077 2087 2164 2134 con-

886 2185 982 2242 tuus.
1172 2173 1311 2260 silium,
1335 2186 1376 2242 ut
1399 2196 1435 2242 se
1449 2173 1488 2240 in
1503 2172 1609 2243 urbes
1622 2166 1786 2242 honestas
1800 2169 1955 2252 abdant,
1977 2167 2016 2235 in
2033 2166 2171 2260 quibus·
2232 2205 2233 2209 =

230 2280 277 2357 D.
293 2279 473 2371 Luthero,
500 2281 547 2357 D.
562 2283 671 2356 lonae
694 2299 728 2357 et
750 2284 797 2358 D.
812 2284 1013 2355 pomerano
1036 2283 1124 2353 meis
1171 2275 1286 2345 maior
1301 2288 1353 2345 est
1366 2274 1521 2345 iustitiae
1539 2271 1758 2358 reverentia,
1782 2285 1817 2342 et
1835 2269 1965 2340 certior
1986 2262 2179 2361 tranquil-'-

231 2387 350 2458 verbis
363 2388 560 2479 plurimum
575 2388 699 2459 salutis
712 2389 780 2476 dic,
802 2387 891 2459 item
903 2385 1123 2480 Hieronymo
1170 2377 1265 2463 litas,
1288 2400 1396 2470 quam
1412 2375 1452 2445 in
1466 2375 1511 2445 iis
1526 2374 1625 2459 locis,
1651 2396 1739 2468 quae
1753 2383 1926 2464 reguntur
1939 2369 2064 2441 aulicis
2077 2391 2166 2439 con-

232 2501 267 2559 et
282 2486 389 2559 lonae
404 2490 491 2566 filio.
1126 2532 1129 2538 -
1170 2479 1272 2555 siliis.
1324 2476 1443 2567 Quid,
1464 2478 1561 2572 quod
1576 2476 1699 2546 liberis
1713 2475 1818 2545 etiam
1836 2486 1950 2543 tutum
1966 2467 2164 2564 hospitium

1170 2581 1397 2651 retinendum
1410 2592 1461 2650 est
1474 2594 1508 2651 et
1521 2575 1674 2666 coniugi,
1700 2591 1822 2646 contra
1840 2572 2057 2668 irruptiones
2065 2570 2163 2660 Tur·

1170 2683 1280 2775 cicas,
1316 2705 1467 2776 quarum
1492 2677 1606 2748 me'tus
1631 2684 1702 2746 iam
1725 2691 1871 2746 nonest
1893 2675 2010 2744 inanis
2040 2671 2163 2742 existi·

808 2859 815 2876 ‚
849 2857 857 2876 ,
909 2808 913 2815 ·
1092 2854 1100 2872 ‚
1170 2785 1331 2858 mandus.
1383 2779 1494 2872 Saepe
1514 2780 1626 2868 cogito
1644 2776 1760 2849 Deum
1782 2777 1969 2847 collocasse
1984 2772 2162 2846 Ecclesiae

125 2851 436 2956 (M‘la'lihm'
461 2855 498 2933 d·
527 2854 585 2933 15·
608 2853 813 2953 Aud‘m‘
840 2867 991 2930 ‘nimi
1015 2853 1123 2933 Wl·
1170 2885 1209 2955 in
1220 2884 1373 2956 urbibus
1388 2879 1601 2953 Germaniae
1615 2879 1843 2965 firmissimis,
1867 2877 1974 2949 utibi
1990 2875 2162 2969 reliquiae

439 2987 441 2994 ’
488 2958 751 3057 umidam)
1169 2989 1352 3056 literarum
1385 2998 1421 3057 et
1454 2983 1635 3054 doctrinae
1670 2994 1942 3065 conserventur,
1984 2978 2161 3072 siquando

1168 3086 1280 3159 Tucci
1300 3087 1489 3158 vastabunt
1511 3082 1752 3156 Germaniam.
1801 3079 1892 3151 Nam
1914 3080 2033 3151 delere
2053 3080 2165 3149 urbes

1168 3213 1243 3260 non
1258 3201 1445 3282 poterunt,
1470 3186 1607 3273 etiamsi
1622 3185 1700 3255 loca
1717 3183 1837 3252 minus
1853 3183 1990 3253 munita
2010 3181 2161 3273 popula-

122 3309 194 3387 No.
208 3310 325 3394 2739.
960 3328 1019 3389 17,
1036 3320 1118 3402 Aug.
1167 3293 1322 3375 buntur,
1348 3290 1539 3361 incendent
1553 3311 1593 3357 ac
1607 3298 1776 3362 evertant.
1807 3283 1901 3357 Sunt
1913 3295 1947 3354 et
1961 3283 2029 3353 alia
2047 3282 2170 3368 multa

941 3410 1115 3440 vm

130 3408 305 3440 *ν*
1167 3393 1352 3462 commoda
1364 3389 1598 3460 mediocrium
1610 3389 1772 3469 urbium,
1797 3410 1888 3479 quae
1908 3386 1946 3454 in
1969 3384 2047 3454 aliis
2071 3383 2162 3455 locis

449 3471 499 3565 G.
528 3474 804 3569 Sturcl'adae.
927 3579 930 3583 Ι
1167 3493 1417 3584 agrestioribus
1433 3492 1689 3562 desiderantur.
1740 3485 1861 3576 Quare
1874 3501 1909 3558 te
1924 3487 2032 3556 etiam
2054 3499 2161 3578 atque

191 3651 332 3727 mm
349 3650 388 3706 v,
456 3653 510 3710 2⁶8
580 3684 617 3700 -
639 3653 675 3710 m
787 3663 798 3710 ι
884 3653 942 3710 h.
1009 3654 1084 3711 du
1166 3596 1274 3666 etiam
1289 3589 1471 3678 adhortor,
1495 3606 1536 3663 ut
1550 3587 1739 3660 Erfurdiae
1754 3613 1897 3658 manere
1912 3589 2026 3670 malis,
2050 3608 2159 3679 quam

227 3741 289 3781 nse.
305 3670 447 3796 lphis:
521 3673 563 3730 sq.
676 3671 884 3777 ‘ww
903 3672 1038 3714 osaea.
1085 3672 1120 3712 ⁰⁶
1166 3696 1205 3767 in
1221 3696 1290 3766 alia
1304 3696 1380 3766 loca
1397 3717 1478 3764 cum
1494 3692 1708 3762 detrimento
1723 3689 1776 3760 rei
1790 3689 1978 3760 familiaris
1994 3688 2161 3776 migrare,

117 3888 122 3895 ,
220 3876 239 3898 .,
284 3878 294 3898 ‚
408 3876 417 3897 ,
1041 3805 1043 3809 ’
1165 3798 1228 3869 ubi
1245 3810 1365 3866 tamen
1378 3793 1497 3865 minus
1512 3793 1698 3864 commode
1709 3790 1859 3866 vivitur.
1911 3786 2011 3860 Bene
2026 3803 2061 3858 et
2080 3789 2159 3857 foe»

122 3867 351 3953 Glurrssrmo
379 3904 475 3964 varo,
511 3887 544 3953 el
570 3879 718 3979 egregia
745 3879 876 3954 virtute
894 3888 928 3952 el
947 3880 1116 3954 doctrina
1163 3887 1381 3976 liciterv'ale,
1430 3887 1759 3985 D1012Augusgt,
2280 3885 2283 3898 “

30 4052 34 4064 ,
121 3976 311 4080 praedito,
333 3977 934 4078 D.GeorgioSturciuduc,
958 3981 1118 4058 Ductori
1151 4088 1155 4099 Ι
1619 4021 1846 4120 qpbffippm
1864 4017 2143 4097 Melanthea?-

388 4078 627 4176 Medicinae,
650 4085 770 4161 amico
785 4111 854 4159 suo

117 4197 169 4295 S·
194 4216 242 4296 D.
290 4218 359 4293 Vir
376 4223 582 4314 clarissime;
608 4224 701 4300 Cum
720 4254 836 4323 nuper
850 4224 1039 4300 Erfurdiae
1059 4228 1116 4300 vi-

120 4346 204 4394 rum
219 4318 509 4397 honestissimum
526 4344 560 4401 et
579 4329 633 4401 tui
647 4331 928 4402 amantissimum
949 4334 994 4401 de
1018 4333 1115 4401 vale-

119 4425 247 4498 tudine
268 4440 329 4500 tua
351 4426 638 4523 interrogassem,
673 4445 708 4505 et
732 4433 793 4504 ille
814 4427 906 4502 mihi
928 4447 1114 4520 narrasset,
1174 4485 1208 4559 N
1255 4479 1359 4558 274⁰

120 4538 177 4613 te,
217 4541 254 4600 et
277 4523 563 4603 honestissimam
581 4547 780 4606 matronam
805 4534 991 4625 coniugem
1015 4547 1129 4606 tuam'
1167 4512 1380 4621 2⁰⁶&
1957 4485 2146 4612 Q

121 4643 159 4702 et
173 4629 396 4702 dulcissimos
410 4631 543 4703 liberos
557 4647 651 4709 reete
667 4637 803 4723 valere,
828 4635 1112 4729 eaparsoratio-
1515 4686 1524 4705 .
1781 4624 1791 4634 ⁹

118 4729 179 4802 nis
192 4730 305 4824 ipsius
319 4755 483 4825 maguam
498 4729 588 4816 mihi
602 4737 818 4830 voluptatem
829 4735 964 4812 attulit:
985 4735 1112 4809 Postea
1147 4764 1150 4772 ¹
1462 4679 1570 4774 Vm
1605 4679 1847 4768 mdm
1940 4732 1957 4753 ‘

119 4856 206 4904 vero
229 4857 311 4904 cum
332 4837 614 4956 ¹2³“21‘3iffe‘10
636 4837 847 4930 migratione
872 4839 1045 4928 cogitare,
1076 4850 1113 4910 et
1226 4866 1314 4940 opto,
1332 4863 1381 4921 lib.
1400 4860 1450 4920 tv.
1472 4880 1501 4936 p.
1520 4861 1570 4916 tts
1585 4880 1648 4935 sqq.
1670 4889 1707 4906 -
1738 4861 1793 4917 nte
1809 4880 1840 4916 ιι
1859 4859 2018 4943 apage-pm
2037 4859 2068 4914 ta
2087 4856 2153 4941 cot.

117 4954 261 5007 musam
275 4958 362 5006 nort
375 4936 516 5009 consdir
529 4953 839 5026 commemoraret,
860 4941 1001 5012 fatebor
1014 4941 1111 5035 quod
1262 4933 1426 4992 ”⁰³³0st
1442 4951 1469 5003 P·
1484 4930 1564 4996 Μ’
1586 4930 1663 5003 4⁰⁰³
1680 4949 1711 4985 ‘¹
1731 4928 1901 5002 ¹⁰¹⁰W⁰
1923 4930 2088 4998 ‘¹⁸⁸⁰“l¹¹¹¹”
2109 4947 2151 4981 ‘¹‘
2277 5018 2281 5033 ,

116 5056 177 5108 res
197 5048 269 5124 est,
293 5036 396 5109 valde
416 5053 660 5113 consternatus
681 5063 769 5114 sum.
818 5038 993 5114 Dolebam
1015 5040 1112 5113 euim
1261 5004 1358 5075 ω’
1373 5002 1473 5078 cuique
1486 4998 1621 5075 ’φήμ’
1634 5008 1715 5074 ΜΨ
1729 4998 1852 5074 ”⁸¹¹³“2
1866 4997 2103 5072 ³·Mb»¹⁵²³·”

117 5137 186 5211 etsi
201 5161 342 5227 cauum
358 5139 597 5233 intelligebam
612 5167 687 5215 non
702 5166 866 5235 maguam
881 5166 975 5231 esse,
1000 5157 1035 5215 et
1048 5168 1111 5237 pe·
1342 5146 1345 5151 ⁴
1464 5152 1578 5244 Vno
1596 5149 1668 5228 Tg
1676 5149 1856 5237 eodm

117 5239 224 5312 mh
247 5235 342 5310 ΝΜ
362 5264 457 5329 Μ’
486 5256 605 5316 mm
626 5259 661 5319 ιε
681 5270 756 5318 ³⁰¹¹
774 5244 846 5316 Μ
867 5245 996 5318 mima
1011 5260 1112 5322 “³¹¹-
1158 5295 1204 5384 S.
1226 5310 1274 5386 D.
1324 5305 1432 5399 Quod
1448 5290 1753 5378 faustumctselix
1776 5304 1843 5392 sit,
1872 5305 1963 5377 redii
1990 5329 2030 5376 er
2045 5303 2153 5378 Ubiis

117 5418 322 5441 -·--·--
878 5424 882 5432 “
907 5422 914 5440 ·
1159 5419 1327 5492 domurn,
1350 5408 1483 5493 codic,
1507 5432 1580 5503 quo
1597 5404 1762 5501 Apostoli
1779 5407 1889 5478 etalii
1911 5432 2033 5477 eorum
2058 5400 2148 5480 otim

151 5538 182 5613 ἢ
202 5542 317 5601 vm·
332 5544 506 5618 mogum
516 5546 544 5602 d.
556 5547 581 5605 5·
598 5548 722 5620 sugeret.
762 5523 768 5549 ¹
1158 5539 1258 5619 appot
1274 5538 1317 5588 es
1332 5511 1464 5586 dissitis
1480 5510 1571 5583 loeis
1590 5510 1760 5581 dicuntur
1778 5513 1823 5578 ad
1837 5508 1977 5581 Mariae
1998 5512 2149 5580 montu-
