4868 6420
190 371 268 454 825

204 550 272 625 No.
291 548 403 623 3242.

198 647 411 686 Q

1040 554 1075 622 4.
1091 552 1176 636 Aug.

1017 643 1189 671 Μ

530 718 860 806 Testimonium.

261 860 371 915 Editum
385 881 399 915 a
414 859 523 915 Perelio
539 862 567 914 in
581 862 650 918 Mel.
666 861 770 917 Consil.
785 861 830 918 lat.
845 860 876 916 P.
890 862 910 915 l.
924 879 951 932 p.
966 861 1027 917 651.
1048 861 1188 915 etiterum

293 930 324 982 in
343 929 463 983 Scbt'ttzii
485 930 605 1002 epistolis
622 930 733 984 Lutbe'ri
748 933 769 987 Ι.
781 951 809 1002 p.
823 930 884 986 359.
902 959 936 972 -
973 929 1189 985 AMelantbone
1244 954 1253 972 ·

295 1000 480 1070 compositum
501 1010 558 1066 est,
577 1001 623 1052 sed
643 1000 865 1074 subscripserunt
877 1000 957 1053 etiam
972 998 1122 1068 botherus,
1142 998 1189 1053 lo-

296 1086 344 1120 nas
361 1079 387 1121 et
403 1067 594 1138 Piesfingerus.

193 1221 463 1297 Testimonium
488 1220 738 1298 ordinationis
760 1219 1017 1299 Reverendiss.
1040 1232 1071 1295 et
1087 1222 1190 1295 Illu-

192 1328 313 1400 striss.
323 1321 697 1423 PrineipisGeorgi
703 1326 719 1394 i
731 1322 866 1396 Anisa
876 1325 990 1398 itini
1004 1327 1189 1425 seriptum,

193 1454 296 1500 anno
315 1426 424 1501 1545.
446 1454 470 1496 o
486 1423 629 1522 Philip.
647 1423 841 1504 Melanth.
862 1430 1008 1500 nomine
1026 1429 1187 1501 omnium

296 1528 336 1599 in
353 1527 533 1599 Ecclesiis
549 1527 677 1598 vicinis
690 1526 1087 1628 Superintendentiom.

192 1645 346 1736 Gratias
370 1665 506 1754 agimus
523 1661 620 1745 Deo,
646 1678 788 1734 aeterno
814 1667 925 1756 patri,
950 1664 1097 1735 Domini
1121 1691 1189 1735 no·

194 1769 259 1839 stri
283 1766 361 1836 lesu
381 1763 533 1849 Christi,
559 1768 654 1857 quod
679 1766 850 1836 immensa
873 1769 1049 1852 bonitate,
1076 1782 1111 1838 et
1130 1776 1188 1835 in-

166 1885 169 1888 ’
193 1870 311 1941 stituit
334 1869 418 1937 inde
441 1891 551 1958 usque
574 1892 594 1935 a
616 1869 820 1937 conditione
839 1884 873 1939 et
888 1871 1110 1940 restitutione
1128 1894 1187 1960 ge-

194 1971 292 2040 neris
307 1965 476 2054 humani,
502 1983 536 2037 et
551 1984 666 2037 servat
681 1970 847 2038 omnibus
863 1973 988 2040 seculis
1007 1996 1119 2065 usqne
1142 1974 1184 2040 ad

193 2073 488 2143 resurrectionem
507 2085 747 2154 mortuorum,
771 2072 1008 2142 ministerium
1023 2070 1187 2161 Evange-

192 2175 256 2259 lii,
277 2187 311 2242 et
337 2174 464 2242 excitat
486 2172 638 2241 subinde
664 2173 812 2242 idoneos
831 2171 1000 2244 Doctores
1023 2197 1063 2242 ac
1085 2199 1187 2243 man-

194 2279 277 2347 data
297 2276 394 2345 dedit
411 2272 589 2343 Ecclesiae
611 2295 713 2357 suae,
741 2287 779 2343 ut
795 2289 895 2345 vocet
917 2277 1064 2345 idoneos
1079 2277 1186 2343 mini-

194 2391 305 2462 stros,
338 2390 372 2446 et
394 2375 570 2468 promittit
591 2396 627 2442 se
650 2399 713 2465 per
736 2400 857 2444 eorum
876 2402 997 2447 vocem
1021 2380 1185 2446 daturum

152 2488 157 2500 '
193 2479 438 2551 remissionem
462 2490 702 2565 peccatorum,
730 2475 903 2568 Spiritum
930 2494 1110 2558 sanctum,
1131 2480 1186 2547 vi-

193 2598 286 2666 tam,
311 2594 347 2649 et
373 2579 542 2647 iustitium
567 2591 764 2661 aeternam,
798 2593 831 2648 et
851 2605 992 2649 oramus
1018 2607 1116 2664 enm,
1147 2594 1187 2649 ut

193 2685 308 2754 lucem
323 2679 511 2769 Evangelii
534 2678 589 2746 sni
613 2701 686 2747 non
701 2679 793 2749 sinat
808 2682 982 2769 extingui,
1007 2684 1065 2750 sed
1089 2705 1186 2749 nunc

193 2807 336 2879 quoque
359 2783 484 2851 excitet
507 2803 616 2870 purae
639 2793 673 2848 et
694 2780 856 2850 salutaris
871 2784 1051 2853 doctrinae
1066 2779 1186 2851 Evan-

193 2887 277 2976 gelii
294 2898 574 2976 propugnatores
597 2895 631 2950 et
652 2881 771 2949 fideles
787 2887 966 2965 custodes,
994 2898 1028 2954 et
1046 2885 1187 2973 colligat

193 2989 262 3058 sibi
288 2988 392 3057 etit-tm
417 3008 513 3052 nunc
543 2983 581 3049 in
613 2978 670 3050 his
694 2983 898 3072 regionibus
920 2983 1132 3068 Ecclesiam,
1166 3009 1186 3052 a

192 3116 262 3185 qua
288 3087 447 3157 inomni
470 3086 675 3155 aeternitate
701 3086 906 3157 celebretur.
957 3084 1047 3156 Cum
1070 3100 1185 3155 autem

192 3196 238 3264 ad
255 3188 323 3259 hoc
340 3188 578 3257 ministerium
589 3183 774 3274 Evangelii
785 3185 1032 3260 Reverendiss.
1046 3201 1081 3256 et
1098 3186 1186 3255 lllu-

191 3295 301 3365 striss.
333 3290 502 3378 Princeps
525 3287 701 3356 Dominus
727 3285 923 3378 Georgius,
955 3289 1124 3377 Princeps
1147 3289 1186 3356 in

193 3390 348 3478 Anbalt,
373 3391 502 3463 Comes
526 3385 718 3472 Ascaniae‚
753 3391 786 3456 e't
810 3389 986 3459 Dominus
1010 3392 1049 3459 in
1073 3389 1186 3459 Bern-

191 3501 286 3586 burg
311 3510 374 3566 etc.
405 3491 624 3584 praepositus
654 3488 833 3560 Ecclesiae
859 3491 1186 3582 Magdeburgensis,

191 3601 261 3669 rite
283 3623 322 3667 ae
347 3597 402 3686 pie
425 3607 567 3663 vocatus
591 3591 713 3660 fuisset
735 3594 1013 3662 adiunctionem
1030 3593 1186 3662 muneris

192 3696 432 3770 Ecclesiastici
453 3694 689 3762 adiuvandam
711 3694 750 3759 in
772 3691 987 3787 Episcopatu
1001 3694 1187 3784 Merspnr·

193 3801 313 3891 gensi,
340 3798 495 3866 accersiti
515 3809 598 3863 sunt
613 3796 722 3862 veteri
737 3797 932 3885 primarum
948 3795 1186 3866 Ecclesiarum

191 3926 311 3983 more,
336 3900 405 3968 viri
428 3899 523 3967 docti
551 3910 585 3965 et
605 3918 745 3983 graves,
772 3898 835 3988 qui
855 3898 989 3967 vicinas
1011 3896 1187 3967 Ecclesias

192 3997 412 4094 gubernant,
436 4023 588 4091 quorum
605 3998 723 4065 omnia
745 3998 836 4066 inira
856 4001 1005 4091 ascripta
1023 4015 1122 4084 sunt,
1147 4012 1187 4068 ut

192 4108 233 4176 in
252 4107 325 4195 ipsa
342 4101 498 4171 Ecclesia
516 4098 782 4189 Merspurgensi
797 4102 841 4168 ad
858 4095 948 4170 hanc
965 4102 1184 4170 vocationem

192 4209 384 4278 adderetur
430 4200 614 4294 publicum
655 4202 898 4273 testimonium
939 4202 1185 4290 ordinationis.

192 4308 268 4378 Nos
289 4309 396 4396 igitur
411 4303 614 4386 convocati,
641 4303 724 4394 quia
739 4317 832 4373 certo
848 4303 1063 4387 sciebamus,
1090 4299 1185 4372 hunc

195 4408 374 4480 lllustriss.
404 4405 606 4494 Principem
633 4401 826 4491 Georgium
856 4418 948 4474 recte
976 4406 1184 4494 intelligere,

194 4525 230 4581 et
262 4524 463 4581 constanter
496 4505 660 4594 amplecti
688 4529 813 4595 puram
836 4502 1024 4596 Evangelii
1048 4505 1185 4574 doctri-

192 4637 295 4696 nam,
322 4636 428 4705 quam
452 4606 629 4678 Ecclesiae
654 4601 780 4699 barum
797 4608 982 4696 regionum
999 4632 1069 4678 una
1087 4631 1183 4687 voce,

147 4729 155 4738 ‘
193 4728 228 4784 et
242 4738 315 4783 uno
330 4713 456 4802 spiritu
472 4735 552 4789 cum
575 4703 745 4777 catholica
761 4705 918 4778 Ecclesia
932 4707 999 4779 Dei
1015 4710 1183 4799 profiten-

192 4830 275 4899 tur,
302 4830 335 4885 et
352 4813 516 4884 eximiam
532 4811 606 4879 eius
626 4834 698 4880 esse
713 4812 879 4881 virtutem
895 4825 929 4880 et
945 4812 1182 4880 sanctitatem:

192 4916 458 4987 Testimonium
472 4928 632 4984 nostrum
649 4916 692 4981 de
709 4938 768 4994 eo,
791 4913 863 4982 ritu
879 4909 1096 5002 Apostolieo,
1116 4912 1184 4979 im-

193 5020 371 5111 positione
390 5005 580 5098 mannum,
595 5015 861 5086 declaravimus.
912 5011 1074 5106 Cumque
1088 5012 1183 5082 Pau-

192 5123 250 5191 lus
265 5120 350 5189 Tito
373 5118 605 5210 praeceperit,
636 5129 676 5185 ut
695 5116 917 5208 presbyteros
940 5117 984 5184 ad
1007 5115 1183 5183 docendas

192 5214 230 5292 et
245 5223 491 5311 gubernandas
499 5215 674 5287 Ecclesias
691 5217 817 5305 passim
831 5217 1076 5299 constitueret,
1097 5214 1183 5284 sciat

772 308 1214 452 urtsrondnttnt
1265 367 1465 447 utntx.
1517 365 1650 446 1645.

1239 569 1297 617 res
1311 545 1492 639 inspiciat,
1514 558 1551 615 et
1565 542 1768 614 meminerit
1789 544 1858 614 sibi
1874 567 2015 637 quoque
2029 539 2188 633 praecipi
2210 562 2231 607 a
2310 560 2314 572 ¹

1216 708 1220 733 ,
1240 650 1313 719 filio
1329 648 1415 719 Dei:
1449 646 1503 716 Et
1527 655 1566 715 to
1588 670 1777 715 conversos
1793 641 2123 742 confirmosrotres
2137 649 2230 712 tuos.

1239 749 1381 830 Etcum
1397 751 1491 820 filius
1506 746 1573 819 Dei
1588 751 1707 818 sedeat
1723 751 1766 816 ad
1782 751 1940 817 dextram
1958 743 2091 816 aeterni
2106 742 2231 834 patris,

1240 866 1283 923 ut
1302 853 1348 923 sit
1374 853 1493 922 efficax
1514 875 1578 943 per
1592 846 1659 921 boc
1675 850 1931 929 ministerium,
1958 869 2165 940 precamur,
2190 858 2230 914 ut

1242 967 1377 1043 1n‚tota
1400 953 1657 1044 gubernatione
1676 967 1791 1042 regat,
1825 965 1860 1021 et
1880 951 2023 1020 adiuvet
2045 943 2141 1017 hunc
2170 968 2231 1014 or·
2257 991 2264 995 -

1241 1056 1423 1141 dinatum,
1463 1057 1552 1125 sicut
1573 1055 1735 1146 promisit
1764 1054 1947 1147 inquiens:
1992 1045 2039 1119 Si
2060 1046 2144 1145 quis
2171 1041 2232 1114 di·

1242 1153 1328 1252 tigit
1344 1181 1414 1242 me,
1437 1179 1619 1226 sermones
1639 1180 1736 1225 meos
1756 1152 1933 1237 servabit,
1959 1160 1998 1220 et
2011 1158 2118 1248 poter
2131 1170 2230 1217 meus

1242 1254 1372 1353 diliget
1402 1281 1501 1340 eom,
1539 1266 1570 1326 et
1598 1257 1777 1327 veniemus
1803 1250 1858 1325 od
1882 1279 1978 1334 eom,
2012 1260 2044 1321 et
2065 1245 2232 1319 mansio-

1242 1384 1321 1430 nem
1353 1356 1459 1457 opud
1484 1381 1564 1429 euin
1580 1357 1779 1457 sociemus.
1845 1354 1893 1426 Et
1918 1370 1959 1426 ut
1990 1350 2057 1424 bac
2082 1375 2118 1422 se
2145 1375 2233 1421 con-

1242 1463 1416 1534 solatione
1459 1475 1638 1548 sustentet·
1666 1463 1849 1531 ordinatus
1894 1459 1985 1549 ipse,
2035 1450 2232 1525 hortamur.

1240 1561 1320 1635 Etsi
1342 1566 1438 1634 enim
1460 1565 1573 1633 multa
1593 1575 1628 1632 et
1655 1586 1782 1652 magna
1806 1573 1888 1630 sunt
1912 1561 1951 1627 in
1975 1556 2232 1649 gubernatione

1241 1668 1417 1758 pericula,
1445 1691 1510 1734 nec
1530 1666 1603 1734 ulla
1625 1679 1677 1735 cst
1699 1662 1870 1754 sapientia
1892 1658 2047 1729 bumana
2068 1683 2133 1750 par
2152 1670 2233 1727 tan-

1241 1783 1277 1838 to
1304 1769 1425 1852 oneri,
1468 1782 1586 1840 tamen
1621 1766 1709 1835 sciat
1747 1764 1864 1835 Deum
1896 1786 1977 1830 vere
2009 1761 2147 1843 adesse,
2198 1769 2232 1826 et

1241 1871 1279 1938 in
1310 1868 1466 1941 Ecclesia
1498 1863 1676 1952 habitare,
1709 1867 1772 1936 ubi
1799 1890 1866 1934 vox
1894 1861 2082 1951 Evangelii
2113 1872 2233 1941 sonat,

1241 1995 1386 2065 eamque
1400 1970 1544 2039 defendi
1560 1983 1595 2039 et
1607 1969 1739 2038 servari
1754 1992 1772 2036 a
1788 1965 1874 2036 Deo.
1918 1962 1995 2032 Hac
2010 1961 2137 2031 fiducia
2155 1983 2233 2029 sus-
2250 1967 2253 1971 ’

1240 2073 1417 2165 cipiendi,
1444 2086 1479 2143 et
1495 2071 1697 2162 perferendi
1713 2083 1796 2139 sunt
1813 2067 1903 2137 tanti
1919 2063 2110 2133 ministerii
2130 2063 2232 2130 labo-

1240 2198 1305 2243 res.
1356 2174 1468 2246 Datae
1483 2174 1541 2242 die
1556 2173 1656 2243 tertia
1671 2167 1840 2262 Augusti,
1862 2163 1970 2238 Anno
1987 2161 2096 2239 1545.
2111 2163 2150 2232 in
2167 2187 2232 2254 op-

1239 2276 1323 2368 pido
1339 2273 1542 2364 Mersburg.
2190 2295 2193 2299 ·

1772 2733 1805 2797 6.
1819 2727 1902 2811 Aug.
1917 2730 1973 2808 (b.
1991 2751 2018 2790 a.
2032 2743 2067 2792 ut
2081 2730 2234 2812 videtur.)
2346 2716 2353 2729 ⁴

1764 2823 2224 2860 Nm

1593 2946 1653 3029 M.
1683 2947 1885 3058 Helingo.

1338 3106 1423 3179 Epist.
1437 3106 1484 3161 tib.
1503 3108 1538 3165 V.
1556 3128 1581 3180 p.
1594 3108 1645 3164 338
1657 3129 1698 3181 sq.

1492 3258 1731 3333 Mauritio
1756 3259 1973 3357 Helingo.

1240 3381 1285 3472 S·
1309 3394 1353 3470 D.
1405 3393 1618 3466 Doctissime
1643 3393 1828 3478 Mezenti,
1860 3392 2047 3489 praecipua
2075 3421 2155 3489 pars
2182 3411 2233 3468 est
2266 3461 2270 3468 .
2342 3398 2349 3408 ⁸

1240 3496 1416 3570 Ecclesiae
1434 3496 1521 3582 Dei,
1546 3522 1672 3588 agmen
1692 3495 1956 3584 scholasticum,
1983 3500 2051 3570 tale
2074 3524 2231 3590 praeser-

1240 3602 1324 3684 tim,
1350 3602 1444 3691 quod
1463 3603 1625 3668 nondum
1648 3601 1807 3684 licentia,
1833 3602 1973 3693 qualem
1995 3601 2063 3669 sibi
2085 3614 2231 3670 sumunt

1240 3702 1344 3772 multi
1370 3703 1576 3790 grandiores
1607 3715 1711 3785 natu,
1743 3717 1947 3792 corruptum
1979 3717 2040 3776 est.
2100 3701 2230 3790 Quare,

1240 3805 1302 3899 qui
1322 3805 1361 3872 in
1379 3798 1435 3871 bis
1450 3800 1589 3873 Scholis
1605 3804 1752 3888 docent,
1776 3806 1970 3891 gaudeant,
1996 3828 2031 3872 se
2053 3803 2092 3871 in
2108 3805 2230 3873 statio-

1239 3913 1320 3975 nem
1343 3905 1437 3996 piam
1462 3905 1650 3973 collocatos
1674 3928 1747 3974 esse
1771 3906 1866 3974 inter
1881 3900 2036 3994 Angelos
2055 3903 2140 3985 Dei,
2167 3931 2229 3975 cu·
2282 3899 2283 3902 ¹

1240 4010 1356 4078 stodes
1374 4007 1482 4074 vestri
1497 4005 1646 4095 agminis
1670 4021 1704 4078 et
1728 4019 1924 4075 vestrorum
1944 4008 2168 4092 nidulorum,
2195 4023 2230 4079 et

1239 4134 1337 4179 suam
1364 4107 1527 4199 Spartam
1553 4121 1691 4177 ornent.
1756 4103 1835 4176 Oro
1860 4108 1966 4177 etiam
1993 4100 2126 4177 Fssium
2150 4107 2229 4193 Dei,

1238 4211 1433 4282 Dominum
1465 4221 1624 4277 nostrum
1650 4206 1765 4277 lesum
1789 4204 1993 4293 Christum,
2034 4211 2095 4302 qui
2120 4210 2226 4279 dixit:

1238 4313 1353 4384 Sinite
1368 4312 1535 4402 parvulos
1552 4310 1674 4378 venire
1697 4311 1740 4377 ad
1764 4334 1839 4394 me,
1863 4324 1903 4379 ut
1920 4325 2032 4382 servet
2048 4324 2082 4381 et
2098 4312 2226 4400 gober-

1237 4428 1298 4483 net
1315 4414 1432 4482 studia
1447 4411 1629 4481 doctrinae
1645 4411 1685 4479 in
1700 4406 1756 4478 his
1772 4413 1987 4500 regionibus.

1339 4601 1549 4703 Cosporom
1565 4600 1800 4699 Crueigerum
1825 4608 1890 4677 tibi
1908 4610 2134 4691 commendo,
2164 4607 2227 4700 qui

1237 4712 1379 4806 quidem
1396 4726 1490 4781 tuam
1509 4733 1588 4798 erga
1605 4733 1641 4778 se
1657 4710 1937 4778 benevolentiam
1953 4723 2112 4778 amanter
2125 4733 2226 4800 prae-

1237 4816 1340 4886 dicat.
1401 4805 1832 4882 Adducit'scbolasticum
1855 4804 2066 4891 Frentum,
2102 4811 2226 4879 mode-

1236 4930 1327 4986 stum
1350 4914 1532 5002 iuvenem,
1565 4924 1597 4979 et
1612 4909 1808 4994 Musicum;
1836 4910 1904 4982 Sed
1928 4912 2085 4981 fortassis
2102 4935 2224 4981 vocem

1235 5017 1346 5106 magis
1363 5039 1526 5084 canoram
1549 5012 1717 5105 requires.
1766 5010 1845 5082 Hoc
1867 5026 2024 5104 tempore
2048 5013 2127 5082 talis
2150 5036 2224 5081 non

1234 5115 1565 5209 poteratinveniri.
1632 5112 1743 5204 Spero
1779 5127 1917 5192 tamen,
1952 5110 2046 5183 bunc
2083 5137 2224 5207 quoque

1234 5220 1334 5290 vobis
1360 5218 1439 5286 usui
1467 5218 1553 5287 fore.
1604 5212 1702 5284 Bene
1718 5217 1806 5286 vale.
1860 5214 1968 5285 Mitto
1983 5216 2085 5298 vobis
2103 5216 2223 5309 pagel-

193 5321 254 5395 hic
275 5325 460 5393 ordinatus
477 5345 559 5391 voce
573 5316 776 5411 Apostolica
799 5318 865 5387 sihi
884 5318 1038 5409 praecipi
1053 5319 1090 5385 in
1116 5310 1181 5385 hac
1232 5323 1295 5392 las.
1343 5318 1412 5392 Die
1426 5313 1461 5393 5.
1476 5313 1638 5408 Augusti.

192 5428 393 5507 iunctione,
425 5438 464 5493 ut
486 5422 681 5491 sacerdotes
710 5423 752 5488 ad
773 5421 967 5503 docendas,
1001 5434 1035 5488 et
1056 5440 1181 5506 regen·
1256 5442 1261 5449 “
1296 5424 1299 5428 ’

191 5531 257 5603 das
272 5525 448 5600 Ecclesiae
462 5524 622 5607 ordinet,
647 5536 817 5592 eteorum
832 5522 1028 5591 doctrinam
1049 5533 1083 5589 et
1101 5542 1180 5588 mo·

1734 5507 1923 5605 Philippus
1946 5504 2172 5583 Melanthon.
