<?xml version="1.0" encoding="UTF-8"?>
<!DOCTYPE html PUBLIC "-//W3C//DTD XHTML 1.0 Transitional//EN"
    "http://www.w3.org/TR/xhtml1/DTD/xhtml1-transitional.dtd">
<html xmlns="http://www.w3.org/1999/xhtml" xml:lang="en" lang="en">
 <head>
  <title>
</title>
<meta http-equiv="Content-Type" content="text/html;charset=utf-8" />
  <meta name='ocr-system' content='tesseract 3.04.00' />
  <meta name='ocr-capabilities' content='ocr_page ocr_carea ocr_par ocr_line ocrx_word'/>
</head>
<body>
  <div class='ocr_page' id='page_1' title='image "./philippimelanth13melagoog/philippimelanth13melagoog_0020.png"; bbox 0 0 4868 6420; ppageno 0'>
   <div class='ocr_carea' id='block_1_1' title="bbox 118 260 1554 470">
    <p class='ocr_par' dir='ltr' id='par_1_1' title="bbox 118 260 1554 470">
     <span class='ocr_line' id='line_1_1' title="bbox 118 260 1554 470; baseline 0.004 -93"><span class='ocrx_word' id='word_1_1' title='bbox 118 404 213 470; x_wconf 71' lang='lat' dir='ltr'><strong>aaa</strong></span> <span class='ocrx_word' id='word_1_2' title='bbox 680 260 1199 382; x_wconf 72' lang='lat' dir='ltr'><strong>,auuaaas&#39;uaaa</strong></span> <span class='ocrx_word' id='word_1_3' title='bbox 1232 302 1366 385; x_wconf 80' lang='lat' dir='ltr'><strong>Mar.</strong></span> <span class='ocrx_word' id='word_1_4' title='bbox 1419 303 1554 385; x_wconf 78' lang='lat'><strong>1645.</strong></span> 
     </span>
    </p>
   </div>
   <div class='ocr_carea' id='block_1_2' title="bbox 134 484 1293 717">
    <p class='ocr_par' dir='ltr' id='par_1_2' title="bbox 134 484 1293 717">
     <span class='ocr_line' id='line_1_2' title="bbox 136 484 1293 573; baseline 0.001 -22"><span class='ocrx_word' id='word_1_5' title='bbox 136 507 194 568; x_wconf 79' lang='lat'><strong>12,</strong></span> <span class='ocrx_word' id='word_1_6' title='bbox 247 484 352 552; x_wconf 80' lang='lat' dir='ltr'><strong>Alesia</strong></span> <span class='ocrx_word' id='word_1_7' title='bbox 369 487 462 552; x_wconf 87' lang='lat' dir='ltr'><strong>Scoto</strong></span> <span class='ocrx_word' id='word_1_8' title='bbox 479 490 580 551; x_wconf 82' lang='lat' dir='ltr'><strong>scribit</strong></span> <span class='ocrx_word' id='word_1_9' title='bbox 594 489 754 550; x_wconf 82' lang='lat' dir='ltr'><strong>sententias</strong></span> <span class='ocrx_word' id='word_1_10' title='bbox 767 490 801 549; x_wconf 94' lang='lat' dir='ltr'><strong>in</strong></span> <span class='ocrx_word' id='word_1_11' title='bbox 814 509 904 551; x_wconf 80' lang='lat' dir='ltr'><strong>usam</strong></span> <span class='ocrx_word' id='word_1_12' title='bbox 917 490 1056 571; x_wconf 87' lang='lat' dir='ltr'><strong>publicae</strong></span> <span class='ocrx_word' id='word_1_13' title='bbox 1069 489 1293 573; x_wconf 88' lang='lat' dir='ltr'><strong>disputationis.</strong></span> 
     </span>
     <span class='ocr_line' id='line_1_3' title="bbox 134 617 1248 717; baseline -0.003 -30"><span class='ocrx_word' id='word_1_14' title='bbox 134 617 195 687; x_wconf 77' lang='lat'><strong>24.</strong></span> <span class='ocrx_word' id='word_1_15' title='bbox 246 619 586 717; x_wconf 71' lang='lat' dir='ltr'><strong>Comitiawormatiae</strong></span> <span class='ocrx_word' id='word_1_16' title='bbox 599 623 700 685; x_wconf 83' lang='lat' dir='ltr'><strong>habita</strong></span> <span class='ocrx_word' id='word_1_17' title='bbox 712 623 905 688; x_wconf 73' lang='lat' dir='ltr'><strong>inchoantur.</strong></span> <span class='ocrx_word' id='word_1_18' title='bbox 955 621 1055 686; x_wconf 86' lang='lat' dir='ltr'><strong>Finita</strong></span> <span class='ocrx_word' id='word_1_19' title='bbox 1070 624 1099 685; x_wconf 89' lang='lat' dir='ltr'><strong>d.</strong></span> <span class='ocrx_word' id='word_1_20' title='bbox 1115 622 1149 689; x_wconf 80' lang='grc'><strong>4.</strong></span> <span class='ocrx_word' id='word_1_21' title='bbox 1164 619 1248 705; x_wconf 82' lang='lat' dir='ltr'><strong>Aug.</strong></span> 
     </span>
    </p>
   </div>
   <div class='ocr_carea' id='block_1_3' title="bbox 134 748 2147 841">
    <p class='ocr_par' dir='ltr' id='par_1_3' title="bbox 134 748 2147 841">
     <span class='ocr_line' id='line_1_4' title="bbox 134 748 2147 841; baseline 0 -20"><span class='ocrx_word' id='word_1_22' title='bbox 134 756 196 821; x_wconf 78' lang='lat'><strong>28.</strong></span> <span class='ocrx_word' id='word_1_23' title='bbox 245 754 399 819; x_wconf 77' lang='lat' dir='ltr'><strong>Fontanus</strong></span> <span class='ocrx_word' id='word_1_24' title='bbox 414 757 451 817; x_wconf 89' lang='lat' dir='ltr'><strong>ad</strong></span> <span class='ocrx_word' id='word_1_25' title='bbox 462 754 633 819; x_wconf 86' lang='lat' dir='ltr'><strong>Electoram</strong></span> <span class='ocrx_word' id='word_1_26' title='bbox 649 762 682 817; x_wconf 91' lang='lat' dir='ltr'><strong>in</strong></span> <span class='ocrx_word' id='word_1_27' title='bbox 697 754 807 819; x_wconf 86' lang='lat' dir='ltr'><strong>Tabai.</strong></span> <span class='ocrx_word' id='word_1_28' title='bbox 824 755 960 822; x_wconf 87' lang='lat' dir='ltr'><strong>Wimar.</strong></span> <span class='ocrx_word' id='word_1_29' title='bbox 975 754 1110 839; x_wconf 83' lang='lat' dir='ltr'><strong>Registr.</strong></span> <span class='ocrx_word' id='word_1_30' title='bbox 1125 755 1168 824; x_wconf 84' lang='grc' dir='ltr'><strong>Η.</strong></span> <span class='ocrx_word' id='word_1_31' title='bbox 1182 781 1213 841; x_wconf 89' lang='lat' dir='ltr'><strong>p.</strong></span> <span class='ocrx_word' id='word_1_32' title='bbox 1233 762 1340 825; x_wconf 79' lang='lat'><strong>608·=</strong></span> <span class='ocrx_word' id='word_1_33' title='bbox 1376 752 1463 839; x_wconf 55' lang='grc' dir='ltr'><strong>,Μ</strong></span> <span class='ocrx_word' id='word_1_34' title='bbox 1478 751 1592 836; x_wconf 62' lang='lat' dir='ltr'><strong>ottboff</strong></span> <span class='ocrx_word' id='word_1_35' title='bbox 1605 748 1695 836; x_wconf 55' lang='lat' dir='ltr'><strong>wag.</strong></span> <span class='ocrx_word' id='word_1_36' title='bbox 1710 750 1874 838; x_wconf 56' lang='lat' dir='ltr'><strong>{ididam</strong></span> <span class='ocrx_word' id='word_1_37' title='bbox 1888 749 1939 833; x_wconf 70' lang='lat' dir='ltr'><strong>fvii</strong></span> <span class='ocrx_word' id='word_1_38' title='bbox 1953 750 2044 836; x_wconf 66' lang='lat' dir='ltr'><strong>imm</strong></span> <span class='ocrx_word' id='word_1_39' title='bbox 2058 754 2147 839; x_wconf 59' lang='lat' dir='ltr'><strong>fatiig</strong></span> 
     </span>
    </p>
   </div>
   <div class='ocr_carea' id='block_1_4' title="bbox 296 852 2160 1028">
    <p class='ocr_par' dir='ltr' id='par_1_4' title="bbox 296 852 2160 1028">
     <span class='ocr_line' id='line_1_5' title="bbox 297 852 2160 1023; baseline 0.001 -99"><span class='ocrx_word' id='word_1_40' title='bbox 297 860 414 1023; x_wconf 61' lang='lat' dir='ltr'><strong>robertos</strong></span> <span class='ocrx_word' id='word_1_41' title='bbox 429 857 483 927; x_wconf 81' lang='lat' dir='ltr'><strong>crit</strong></span> <span class='ocrx_word' id='word_1_42' title='bbox 504 860 554 942; x_wconf 76' lang='lat' dir='ltr'><strong>aar</strong></span> <span class='ocrx_word' id='word_1_43' title='bbox 569 855 697 939; x_wconf 61' lang='lat' dir='ltr'><strong>verior</strong></span> <span class='ocrx_word' id='word_1_44' title='bbox 718 855 767 924; x_wconf 70' lang='lat' dir='ltr'><strong>ina</strong></span> <span class='ocrx_word' id='word_1_45' title='bbox 786 855 950 941; x_wconf 72' lang='lat' dir='ltr'><strong>iateiaifcaa</strong></span> <span class='ocrx_word' id='word_1_46' title='bbox 973 857 1154 930; x_wconf 70' lang='lat' dir='ltr'><strong>tardiorem</strong></span> <span class='ocrx_word' id='word_1_47' title='bbox 1175 876 1214 930; x_wconf 87' lang='lat' dir='ltr'><strong>oc</strong></span> <span class='ocrx_word' id='word_1_48' title='bbox 1227 856 1306 939; x_wconf 70' lang='lat' dir='ltr'><strong>aicit.</strong></span> <span class='ocrx_word' id='word_1_49' title='bbox 1323 853 1487 939; x_wconf 64' lang='lat' dir='ltr'><strong>ffiiafcttt,</strong></span> <span class='ocrx_word' id='word_1_50' title='bbox 1521 855 1616 925; x_wconf 80' lang='lat' dir='ltr'><strong>accit</strong></span> <span class='ocrx_word' id='word_1_51' title='bbox 1639 856 1683 925; x_wconf 80' lang='lat' dir='ltr'><strong>air</strong></span> <span class='ocrx_word' id='word_1_52' title='bbox 1705 854 1838 935; x_wconf 61' lang='lat' dir='ltr'><strong>bracata</strong></span> <span class='ocrx_word' id='word_1_53' title='bbox 1861 852 2072 935; x_wconf 58' lang='lat' dir='ltr'><strong>&amp;sarmatica</strong></span> <span class='ocrx_word' id='word_1_54' title='bbox 2096 853 2160 941; x_wconf 72' lang='lat' dir='ltr'><strong>soii·</strong></span> 
     </span>
     <span class='ocr_line' id='line_1_6' title="bbox 296 950 703 1028; baseline 0.012 -6"><span class='ocrx_word' id='word_1_55' title='bbox 296 954 316 1022; x_wconf 86' lang='lat' dir='ltr'><strong>ii</strong></span> <span class='ocrx_word' id='word_1_56' title='bbox 339 968 534 1028; x_wconf 77' lang='lat' dir='ltr'><strong>staatuottat</strong></span> <span class='ocrx_word' id='word_1_57' title='bbox 550 950 703 1027; x_wconf 75' lang='lat' dir='ltr'><strong>urraca.&#39;&#39;</strong></span> 
     </span>
    </p>
   </div>
   <div class='ocr_carea' id='block_1_5' title="bbox 109 1054 2024 1405">
    <p class='ocr_par' dir='ltr' id='par_1_5' title="bbox 109 1054 2024 1405">
     <span class='ocr_line' id='line_1_7' title="bbox 246 1054 2024 1176; baseline 0 -21"><span class='ocrx_word' id='word_1_58' title='bbox 246 1091 399 1175; x_wconf 88' lang='lat' dir='ltr'><strong>Theologi</strong></span> <span class='ocrx_word' id='word_1_59' title='bbox 412 1092 657 1176; x_wconf 86' lang='lat' dir='ltr'><strong>Witebergeuses</strong></span> <span class='ocrx_word' id='word_1_60' title='bbox 672 1095 806 1155; x_wconf 89' lang='lat' dir='ltr'><strong>scribunt</strong></span> <span class='ocrx_word' id='word_1_61' title='bbox 823 1115 906 1155; x_wconf 84' lang='lat' dir='ltr'><strong>suam</strong></span> <span class='ocrx_word' id='word_1_62' title='bbox 924 1101 1101 1157; x_wconf 85' lang='lat' dir='ltr'><strong>seutentiam</strong></span> <span class='ocrx_word' id='word_1_63' title='bbox 1115 1093 1152 1156; x_wconf 92' lang='lat' dir='ltr'><strong>de</strong></span> <span class='ocrx_word' id='word_1_64' title='bbox 1168 1093 1371 1156; x_wconf 89' lang='lat' dir='ltr'><strong>continuando</strong></span> <span class='ocrx_word' id='word_1_65' title='bbox 1389 1106 1418 1155; x_wconf 90' lang='lat' dir='ltr'><strong>et</strong></span> <span class='ocrx_word' id='word_1_66' title='bbox 1432 1093 1619 1156; x_wconf 84' lang='lat' dir='ltr'><strong>extendendo</strong></span> <span class='ocrx_word' id='word_1_67' title='bbox 1635 1093 1756 1157; x_wconf 89' lang='lat' dir='ltr'><strong>foedere</strong></span> <span class='ocrx_word' id='word_1_68' title='bbox 1767 1054 2024 1156; x_wconf 63' lang='lat' dir='ltr'><strong>¹Sohmaicaldico.</strong></span> 
     </span>
     <span class='ocr_line' id='line_1_8' title="bbox 109 1216 204 1299; baseline -0.021 -21"><span class='ocrx_word' id='word_1_69' title='bbox 109 1216 204 1299; x_wconf 82' lang='lat' dir='ltr'><strong>April</strong></span> 
     </span>
     <span class='ocr_line' id='line_1_9' title="bbox 166 1320 1100 1405; baseline -0.003 -18"><span class='ocrx_word' id='word_1_70' title='bbox 166 1329 199 1387; x_wconf 96' lang='grc'><strong>2.</strong></span> <span class='ocrx_word' id='word_1_71' title='bbox 246 1320 389 1403; x_wconf 75' lang='lat' dir='ltr'><strong>Explicat</strong></span> <span class='ocrx_word' id='word_1_72' title='bbox 404 1322 537 1386; x_wconf 85' lang='lat' dir='ltr'><strong>dictum:</strong></span> <span class='ocrx_word' id='word_1_73' title='bbox 568 1326 658 1385; x_wconf 88' lang='lat' dir='ltr'><strong>multi</strong></span> <span class='ocrx_word' id='word_1_74' title='bbox 672 1334 743 1384; x_wconf 85' lang='lat' dir='ltr'><strong>sunt</strong></span> <span class='ocrx_word' id='word_1_75' title='bbox 755 1327 873 1403; x_wconf 84' lang='lat' dir='ltr'><strong>vocati,</strong></span> <span class='ocrx_word' id='word_1_76' title='bbox 901 1326 989 1405; x_wconf 88' lang='lat' dir='ltr'><strong>pauci</strong></span> <span class='ocrx_word' id='word_1_77' title='bbox 1003 1326 1100 1384; x_wconf 87' lang='lat' dir='ltr'><strong>electi.</strong></span> 
     </span>
    </p>
   </div>
   <div class='ocr_carea' id='block_1_6' title="bbox 78 1452 2103 1807">
    <p class='ocr_par' dir='ltr' id='par_1_6' title="bbox 78 1452 2103 1807">
     <span class='ocr_line' id='line_1_10' title="bbox 141 1452 1859 1540; baseline -0.002 -20"><span class='ocrx_word' id='word_1_78' title='bbox 141 1458 199 1520; x_wconf 83' lang='lat'><strong>16.</strong></span> <span class='ocrx_word' id='word_1_79' title='bbox 247 1455 410 1538; x_wconf 82' lang='lat' dir='ltr'><strong>Philippus</strong></span> <span class='ocrx_word' id='word_1_80' title='bbox 426 1452 560 1538; x_wconf 84' lang='lat' dir='ltr'><strong>Landgr.</strong></span> <span class='ocrx_word' id='word_1_81' title='bbox 576 1457 736 1539; x_wconf 81' lang='lat' dir='ltr'><strong>respondet</strong></span> <span class='ocrx_word' id='word_1_82' title='bbox 749 1457 789 1518; x_wconf 83' lang='lat' dir='ltr'><strong>ad</strong></span> <span class='ocrx_word' id='word_1_83' title='bbox 803 1460 917 1520; x_wconf 84' lang='lat' dir='ltr'><strong>monita</strong></span> <span class='ocrx_word' id='word_1_84' title='bbox 932 1455 1213 1540; x_wconf 87' lang='lat' dir='ltr'><strong>Witebergensium</strong></span> <span class='ocrx_word' id='word_1_85' title='bbox 1226 1455 1329 1517; x_wconf 85' lang='lat' dir='ltr'><strong>desua</strong></span> <span class='ocrx_word' id='word_1_86' title='bbox 1344 1476 1467 1516; x_wconf 86' lang='lat' dir='ltr'><strong>censura</strong></span> <span class='ocrx_word' id='word_1_87' title='bbox 1486 1452 1722 1519; x_wconf 86' lang='lat' dir='ltr'><strong>Reformationis</strong></span> <span class='ocrx_word' id='word_1_88' title='bbox 1738 1453 1859 1519; x_wconf 89' lang='lat' dir='ltr'><strong>Witeb.</strong></span> 
     </span>
     <span class='ocr_line' id='line_1_11' title="bbox 139 1586 1192 1675; baseline 0.001 -24"><span class='ocrx_word' id='word_1_89' title='bbox 139 1591 196 1651; x_wconf 79' lang='lat'><strong>17.</strong></span> <span class='ocrx_word' id='word_1_90' title='bbox 246 1586 320 1651; x_wconf 78' lang='lat' dir='ltr'><strong>Met.</strong></span> <span class='ocrx_word' id='word_1_91' title='bbox 336 1590 484 1651; x_wconf 89' lang='lat' dir='ltr'><strong>iudicium</strong></span> <span class='ocrx_word' id='word_1_92' title='bbox 501 1590 537 1650; x_wconf 91' lang='lat' dir='ltr'><strong>de</strong></span> <span class='ocrx_word' id='word_1_93' title='bbox 552 1593 590 1652; x_wconf 86' lang='lat' dir='ltr'><strong>iis</strong></span> <span class='ocrx_word' id='word_1_94' title='bbox 607 1593 661 1673; x_wconf 91' lang='lat' dir='ltr'><strong>qui</strong></span> <span class='ocrx_word' id='word_1_95' title='bbox 676 1595 777 1652; x_wconf 80' lang='lat' dir='ltr'><strong>vivere</strong></span> <span class='ocrx_word' id='word_1_96' title='bbox 793 1603 942 1671; x_wconf 88' lang='lat' dir='ltr'><strong>coguntur</strong></span> <span class='ocrx_word' id='word_1_97' title='bbox 959 1594 1037 1653; x_wconf 88' lang='lat' dir='ltr'><strong>inter</strong></span> <span class='ocrx_word' id='word_1_98' title='bbox 1047 1589 1192 1675; x_wconf 86' lang='lat' dir='ltr'><strong>Papistas.</strong></span> 
     </span>
     <span class='ocr_line' id='line_1_12' title="bbox 78 1717 2103 1807; baseline 0.004 -27"><span class='ocrx_word' id='word_1_99' title='bbox 78 1767 86 1780; x_wconf 77' lang='grc'><em>,</em></span> <span class='ocrx_word' id='word_1_100' title='bbox 137 1720 201 1785; x_wconf 81' lang='grc'><strong>24.</strong></span> <span class='ocrx_word' id='word_1_101' title='bbox 247 1720 402 1786; x_wconf 75' lang='lat' dir='ltr'><strong>Sententia</strong></span> <span class='ocrx_word' id='word_1_102' title='bbox 414 1722 489 1786; x_wconf 80' lang='lat' dir='ltr'><strong>Mel.</strong></span> <span class='ocrx_word' id='word_1_103' title='bbox 505 1724 541 1783; x_wconf 90' lang='lat' dir='ltr'><strong>de</strong></span> <span class='ocrx_word' id='word_1_104' title='bbox 556 1727 668 1804; x_wconf 87' lang='lat' dir='ltr'><strong>scripto</strong></span> <span class='ocrx_word' id='word_1_105' title='bbox 682 1724 815 1807; x_wconf 91' lang='lat' dir='ltr'><strong>quodam</strong></span> <span class='ocrx_word' id='word_1_106' title='bbox 830 1722 1054 1798; x_wconf 74' lang='lat' dir='ltr'><strong>Turicensium,</strong></span> <span class='ocrx_word' id='word_1_107' title='bbox 1079 1757 1131 1770; x_wconf 90' lang='lat'><em>-</em></span> <span class='ocrx_word' id='word_1_108' title='bbox 1160 1720 1236 1789; x_wconf 83' lang='lat' dir='ltr'><strong>Vid.</strong></span> <span class='ocrx_word' id='word_1_109' title='bbox 1251 1725 1336 1804; x_wconf 84' lang='lat' dir='ltr'><strong>epist.</strong></span> <span class='ocrx_word' id='word_1_110' title='bbox 1350 1717 1498 1784; x_wconf 84' lang='lat' dir='ltr'><strong>Electoris</strong></span> <span class='ocrx_word' id='word_1_111' title='bbox 1513 1723 1552 1784; x_wconf 89' lang='lat' dir='ltr'><strong>ad</strong></span> <span class='ocrx_word' id='word_1_112' title='bbox 1567 1718 1737 1787; x_wconf 88' lang='lat' dir='ltr'><strong>Pontanum</strong></span> <span class='ocrx_word' id='word_1_113' title='bbox 1753 1746 1787 1786; x_wconf 87' lang='lat' dir='ltr'><strong>aa</strong></span> <span class='ocrx_word' id='word_1_114' title='bbox 1801 1726 1838 1787; x_wconf 89' lang='lat' dir='ltr'><strong>de</strong></span> <span class='ocrx_word' id='word_1_115' title='bbox 1853 1724 1928 1792; x_wconf 86' lang='lat' dir='ltr'><strong>red.</strong></span> <span class='ocrx_word' id='word_1_116' title='bbox 1945 1727 2007 1794; x_wconf 86' lang='grc'><strong>26.</strong></span> <span class='ocrx_word' id='word_1_117' title='bbox 2023 1717 2103 1804; x_wconf 82' lang='lat' dir='ltr'><strong>Apr.</strong></span> 
     </span>
    </p>
   </div>
   <div class='ocr_carea' id='block_1_7' title="bbox 136 1854 924 1940">
    <p class='ocr_par' dir='ltr' id='par_1_7' title="bbox 136 1854 924 1940">
     <span class='ocr_line' id='line_1_13' title="bbox 136 1854 924 1940; baseline 0 -21"><span class='ocrx_word' id='word_1_118' title='bbox 136 1856 200 1919; x_wconf 89' lang='grc'><strong>28.</strong></span> <span class='ocrx_word' id='word_1_119' title='bbox 246 1855 322 1921; x_wconf 80' lang='lat' dir='ltr'><strong>Mel.</strong></span> <span class='ocrx_word' id='word_1_120' title='bbox 336 1854 476 1940; x_wconf 85' lang='lat' dir='ltr'><strong>Lipsiam</strong></span> <span class='ocrx_word' id='word_1_121' title='bbox 490 1859 697 1940; x_wconf 84' lang='lat' dir='ltr'><strong>proficiscitur</strong></span> <span class='ocrx_word' id='word_1_122' title='bbox 712 1858 749 1919; x_wconf 86' lang='lat' dir='ltr'><strong>ad</strong></span> <span class='ocrx_word' id='word_1_123' title='bbox 764 1859 924 1922; x_wconf 85' lang='lat' dir='ltr'><strong>nundinas.</strong></span> 
     </span>
    </p>
   </div>
   <div class='ocr_carea' id='block_1_8' title="bbox 124 1980 994 2154">
    <p class='ocr_par' dir='ltr' id='par_1_8' title="bbox 124 1980 994 2154">
     <span class='ocr_line' id='line_1_14' title="bbox 124 1980 994 2154; baseline -0.006 1"><span class='ocrx_word' id='word_1_124' title='bbox 124 1980 201 2154; x_wconf 49' lang='lat' dir='ltr'><strong>madi</strong></span> <span class='ocrx_word' id='word_1_125' title='bbox 247 2086 278 2149; x_wconf 91' lang='lat' dir='ltr'><strong>d.</strong></span> <span class='ocrx_word' id='word_1_126' title='bbox 294 2087 327 2153; x_wconf 83' lang='lat'><strong>6.</strong></span> <span class='ocrx_word' id='word_1_127' title='bbox 346 2089 396 2148; x_wconf 80' lang='lat' dir='ltr'><strong>vel</strong></span> <span class='ocrx_word' id='word_1_128' title='bbox 415 2090 450 2153; x_wconf 87' lang='lat'><strong>6.</strong></span> <span class='ocrx_word' id='word_1_129' title='bbox 470 2082 546 2147; x_wconf 80' lang='lat' dir='ltr'><strong>Maii</strong></span> <span class='ocrx_word' id='word_1_130' title='bbox 560 2083 744 2148; x_wconf 83' lang='lat' dir='ltr'><strong>Melanthon</strong></span> <span class='ocrx_word' id='word_1_131' title='bbox 761 2086 839 2149; x_wconf 88' lang='lat' dir='ltr'><strong>redit</strong></span> <span class='ocrx_word' id='word_1_132' title='bbox 855 2088 994 2150; x_wconf 86' lang='lat' dir='ltr'><strong>domum.</strong></span> 
     </span>
    </p>
   </div>
   <div class='ocr_carea' id='block_1_9' title="bbox 143 2216 733 2300">
    <p class='ocr_par' dir='ltr' id='par_1_9' title="bbox 143 2216 733 2300">
     <span class='ocr_line' id='line_1_15' title="bbox 143 2216 733 2300; baseline -0.003 -20"><span class='ocrx_word' id='word_1_133' title='bbox 143 2224 199 2288; x_wconf 82' lang='grc'><strong>18.</strong></span> <span class='ocrx_word' id='word_1_134' title='bbox 246 2218 367 2300; x_wconf 85' lang='lat' dir='ltr'><strong>Targae</strong></span> <span class='ocrx_word' id='word_1_135' title='bbox 385 2222 477 2280; x_wconf 83' lang='lat' dir='ltr'><strong>estin</strong></span> <span class='ocrx_word' id='word_1_136' title='bbox 492 2223 561 2280; x_wconf 87' lang='lat' dir='ltr'><strong>aula</strong></span> <span class='ocrx_word' id='word_1_137' title='bbox 574 2216 733 2281; x_wconf 88' lang='lat' dir='ltr'><strong>Electoris.</strong></span> 
     </span>
    </p>
   </div>
   <div class='ocr_carea' id='block_1_10' title="bbox 246 2330 1158 2434">
    <p class='ocr_par' dir='ltr' id='par_1_10' title="bbox 246 2330 1158 2434">
     <span class='ocr_line' id='line_1_16' title="bbox 246 2330 1158 2434; baseline 0 -19"><span class='ocrx_word' id='word_1_138' title='bbox 246 2349 361 2415; x_wconf 89' lang='lat' dir='ltr'><strong>Iterum</strong></span> <span class='ocrx_word' id='word_1_139' title='bbox 379 2365 488 2413; x_wconf 89' lang='lat' dir='ltr'><strong>erarrat</strong></span> <span class='ocrx_word' id='word_1_140' title='bbox 504 2330 638 2434; x_wconf 87' lang='lat' dir='ltr'><strong>primum</strong></span> <span class='ocrx_word' id='word_1_141' title='bbox 652 2355 765 2415; x_wconf 88' lang='lat' dir='ltr'><strong>librum</strong></span> <span class='ocrx_word' id='word_1_142' title='bbox 778 2350 958 2416; x_wconf 89' lang='lat' dir='ltr'><strong>Ethicorum</strong></span> <span class='ocrx_word' id='word_1_143' title='bbox 973 2348 1158 2415; x_wconf 81' lang='lat' dir='ltr'><strong>Aristotelis.</strong></span> 
     </span>
    </p>
   </div>
   <div class='ocr_carea' id='block_1_11' title="bbox 132 2477 1588 2783">
    <p class='ocr_par' dir='ltr' id='par_1_11' title="bbox 132 2477 1588 2783">
     <span class='ocr_line' id='line_1_17' title="bbox 137 2477 1588 2572; baseline -0.001 -22"><span class='ocrx_word' id='word_1_144' title='bbox 137 2477 195 2538; x_wconf 82' lang='lat'><strong>31·</strong></span> <span class='ocrx_word' id='word_1_145' title='bbox 248 2485 363 2551; x_wconf 88' lang='lat' dir='ltr'><strong>Scribit</strong></span> <span class='ocrx_word' id='word_1_146' title='bbox 380 2487 419 2550; x_wconf 93' lang='lat' dir='ltr'><strong>ad</strong></span> <span class='ocrx_word' id='word_1_147' title='bbox 433 2482 590 2564; x_wconf 82' lang='lat' dir='ltr'><strong>Venetos,</strong></span> <span class='ocrx_word' id='word_1_148' title='bbox 616 2490 810 2570; x_wconf 78' lang='lat' dir='ltr'><strong>potissimum</strong></span> <span class='ocrx_word' id='word_1_149' title='bbox 823 2488 861 2550; x_wconf 89' lang='lat' dir='ltr'><strong>de</strong></span> <span class='ocrx_word' id='word_1_150' title='bbox 877 2508 970 2551; x_wconf 85' lang='lat' dir='ltr'><strong>coena</strong></span> <span class='ocrx_word' id='word_1_151' title='bbox 985 2510 1030 2567; x_wconf 77' lang='lat' dir='ltr'><strong>a,</strong></span> <span class='ocrx_word' id='word_1_152' title='bbox 1055 2478 1131 2572; x_wconf 77' lang='lat' dir='ltr'><strong>quae</strong></span> <span class='ocrx_word' id='word_1_153' title='bbox 1145 2498 1246 2549; x_wconf 86' lang='lat' dir='ltr'><strong>antem</strong></span> <span class='ocrx_word' id='word_1_154' title='bbox 1261 2487 1390 2568; x_wconf 84' lang='lat' dir='ltr'><strong>epistola</strong></span> <span class='ocrx_word' id='word_1_155' title='bbox 1403 2490 1507 2571; x_wconf 84' lang='lat' dir='ltr'><strong>periit.</strong></span> <span class='ocrx_word' id='word_1_156' title='bbox 1585 2541 1588 2548; x_wconf 94' lang='lat'><strong>.</strong></span> 
     </span>
     <span class='ocr_line' id='line_1_18' title="bbox 132 2595 202 2663; baseline 0.014 -1"><span class='ocrx_word' id='word_1_157' title='bbox 132 2595 202 2663; x_wconf 89' lang='lat' dir='ltr'><strong>Iun.</strong></span> 
     </span>
     <span class='ocr_line' id='line_1_19' title="bbox 162 2705 1360 2783; baseline 0.004 -8"><span class='ocrx_word' id='word_1_158' title='bbox 162 2705 197 2769; x_wconf 81' lang='lat'><strong>5·</strong></span> <span class='ocrx_word' id='word_1_159' title='bbox 248 2712 404 2778; x_wconf 71' lang='lat' dir='ltr'><strong>Praefatur</strong></span> <span class='ocrx_word' id='word_1_160' title='bbox 419 2718 453 2776; x_wconf 89' lang='lat' dir='ltr'><strong>in</strong></span> <span class='ocrx_word' id='word_1_161' title='bbox 468 2709 600 2776; x_wconf 85' lang='lat' dir='ltr'><strong>Lutheri</strong></span> <span class='ocrx_word' id='word_1_162' title='bbox 616 2720 834 2779; x_wconf 86' lang='lat' dir='ltr'><strong>enarrationem</strong></span> <span class='ocrx_word' id='word_1_163' title='bbox 846 2717 964 2780; x_wconf 87' lang='lat' dir='ltr'><strong>Hoseae</strong></span> <span class='ocrx_word' id='word_1_164' title='bbox 977 2741 993 2779; x_wconf 84' lang='lat' dir='ltr'><strong>a</strong></span> <span class='ocrx_word' id='word_1_165' title='bbox 1008 2717 1085 2783; x_wconf 86' lang='lat' dir='ltr'><strong>Vito</strong></span> <span class='ocrx_word' id='word_1_166' title='bbox 1100 2717 1221 2783; x_wconf 83' lang='lat' dir='ltr'><strong>Theod.</strong></span> <span class='ocrx_word' id='word_1_167' title='bbox 1237 2718 1360 2782; x_wconf 80' lang='lat' dir='ltr'><strong>editam.</strong></span> 
     </span>
    </p>
   </div>
   <div class='ocr_carea' id='block_1_12' title="bbox 141 2840 988 2931">
    <p class='ocr_par' dir='ltr' id='par_1_12' title="bbox 141 2840 988 2931">
     <span class='ocr_line' id='line_1_20' title="bbox 141 2840 988 2931; baseline 0.014 -28"><span class='ocrx_word' id='word_1_168' title='bbox 141 2840 202 2904; x_wconf 82' lang='lat'><strong>18·</strong></span> <span class='ocrx_word' id='word_1_169' title='bbox 251 2845 378 2931; x_wconf 85' lang='lat' dir='ltr'><strong>Georgii</strong></span> <span class='ocrx_word' id='word_1_170' title='bbox 394 2846 498 2911; x_wconf 84' lang='lat' dir='ltr'><strong>ltlohri</strong></span> <span class='ocrx_word' id='word_1_171' title='bbox 516 2853 600 2910; x_wconf 84' lang='lat' dir='ltr'><strong>rixae</strong></span> <span class='ocrx_word' id='word_1_172' title='bbox 616 2872 687 2912; x_wconf 90' lang='lat' dir='ltr'><strong>oum</strong></span> <span class='ocrx_word' id='word_1_173' title='bbox 699 2848 825 2913; x_wconf 87' lang='lat' dir='ltr'><strong>Nicolao</strong></span> <span class='ocrx_word' id='word_1_174' title='bbox 840 2849 988 2915; x_wconf 84' lang='lat' dir='ltr'><strong>Medlero.</strong></span> 
     </span>
    </p>
   </div>
   <div class='ocr_carea' id='block_1_13' title="bbox 249 2982 853 3048">
    <p class='ocr_par' dir='ltr' id='par_1_13' title="bbox 249 2982 853 3048">
     <span class='ocr_line' id='line_1_21' title="bbox 249 2982 853 3048; baseline 0.002 -1"><span class='ocrx_word' id='word_1_175' title='bbox 249 2982 415 3047; x_wconf 88' lang='lat' dir='ltr'><strong>Pindarum</strong></span> <span class='ocrx_word' id='word_1_176' title='bbox 429 2995 617 3045; x_wconf 84' lang='lat' dir='ltr'><strong>enarraturus</strong></span> <span class='ocrx_word' id='word_1_177' title='bbox 633 2989 724 3047; x_wconf 88' lang='lat' dir='ltr'><strong>estin</strong></span> <span class='ocrx_word' id='word_1_178' title='bbox 739 2986 853 3048; x_wconf 85' lang='lat' dir='ltr'><strong>schola.</strong></span> 
     </span>
    </p>
   </div>
   <div class='ocr_carea' id='block_1_14' title="bbox 132 3098 927 3278">
    <p class='ocr_par' dir='ltr' id='par_1_14' title="bbox 132 3098 927 3278">
     <span class='ocr_line' id='line_1_22' title="bbox 132 3098 195 3164; baseline 0 0"><span class='ocrx_word' id='word_1_179' title='bbox 132 3098 195 3164; x_wconf 88' lang='lat' dir='ltr'><strong>lul.</strong></span> 
     </span>
     <span class='ocr_line' id='line_1_23' title="bbox 141 3206 927 3278; baseline 0.009 -8"><span class='ocrx_word' id='word_1_180' title='bbox 141 3207 198 3272; x_wconf 81' lang='lat'><strong>15.</strong></span> <span class='ocrx_word' id='word_1_181' title='bbox 249 3206 366 3273; x_wconf 90' lang='lat' dir='ltr'><strong>Iudicat</strong></span> <span class='ocrx_word' id='word_1_182' title='bbox 379 3212 417 3273; x_wconf 92' lang='lat' dir='ltr'><strong>de</strong></span> <span class='ocrx_word' id='word_1_183' title='bbox 432 3208 546 3273; x_wconf 83' lang='lat' dir='ltr'><strong>icauna</strong></span> <span class='ocrx_word' id='word_1_184' title='bbox 564 3234 582 3273; x_wconf 89' lang='lat' dir='ltr'><strong>a</strong></span> <span class='ocrx_word' id='word_1_185' title='bbox 596 3209 695 3274; x_wconf 83' lang='lat' dir='ltr'><strong>Lusco</strong></span> <span class='ocrx_word' id='word_1_186' title='bbox 711 3225 740 3274; x_wconf 88' lang='lat' dir='ltr'><strong>et</strong></span> <span class='ocrx_word' id='word_1_187' title='bbox 755 3217 819 3274; x_wconf 88' lang='lat' dir='ltr'><strong>eius</strong></span> <span class='ocrx_word' id='word_1_188' title='bbox 834 3216 927 3278; x_wconf 91' lang='lat' dir='ltr'><strong>libro.</strong></span> 
     </span>
    </p>
   </div>
   <div class='ocr_carea' id='block_1_15' title="bbox 250 3340 1475 3426">
    <p class='ocr_par' dir='ltr' id='par_1_15' title="bbox 250 3340 1475 3426">
     <span class='ocr_line' id='line_1_24' title="bbox 250 3340 1475 3426; baseline 0.001 -21"><span class='ocrx_word' id='word_1_189' title='bbox 250 3342 388 3407; x_wconf 86' lang='lat' dir='ltr'><strong>Exeunte</strong></span> <span class='ocrx_word' id='word_1_190' title='bbox 406 3340 488 3406; x_wconf 87' lang='lat' dir='ltr'><strong>Iulio</strong></span> <span class='ocrx_word' id='word_1_191' title='bbox 502 3341 676 3426; x_wconf 86' lang='lat' dir='ltr'><strong>Lutherus,</strong></span> <span class='ocrx_word' id='word_1_192' title='bbox 702 3349 804 3407; x_wconf 87' lang='lat' dir='ltr'><strong>animo</strong></span> <span class='ocrx_word' id='word_1_193' title='bbox 819 3351 899 3409; x_wconf 87' lang='lat' dir='ltr'><strong>varie</strong></span> <span class='ocrx_word' id='word_1_194' title='bbox 914 3361 1103 3425; x_wconf 88' lang='lat' dir='ltr'><strong>commotus,</strong></span> <span class='ocrx_word' id='word_1_195' title='bbox 1129 3344 1341 3426; x_wconf 86' lang='lat' dir='ltr'><strong>Witebergam</strong></span> <span class='ocrx_word' id='word_1_196' title='bbox 1357 3343 1475 3406; x_wconf 85' lang='lat' dir='ltr'><strong>deserit.</strong></span> 
     </span>
    </p>
   </div>
   <div class='ocr_carea' id='block_1_16' title="bbox 109 3476 1178 3685">
    <p class='ocr_par' dir='ltr' id='par_1_16' title="bbox 109 3476 1178 3685">
     <span class='ocr_line' id='line_1_25' title="bbox 250 3476 1178 3564; baseline -0.002 -22"><span class='ocrx_word' id='word_1_197' title='bbox 250 3477 403 3542; x_wconf 83' lang='lat' dir='ltr'><strong>Praefatur</strong></span> <span class='ocrx_word' id='word_1_198' title='bbox 417 3476 490 3547; x_wconf 76' lang='lat' dir='ltr'><strong>Met.</strong></span> <span class='ocrx_word' id='word_1_199' title='bbox 506 3483 540 3561; x_wconf 84' lang='lat' dir='ltr'><strong>iu</strong></span> <span class='ocrx_word' id='word_1_200' title='bbox 554 3477 722 3563; x_wconf 82' lang='lat' dir='ltr'><strong>Augustini</strong></span> <span class='ocrx_word' id='word_1_201' title='bbox 735 3484 848 3544; x_wconf 87' lang='lat' dir='ltr'><strong>librum</strong></span> <span class='ocrx_word' id='word_1_202' title='bbox 864 3483 901 3543; x_wconf 85' lang='lat' dir='ltr'><strong>da</strong></span> <span class='ocrx_word' id='word_1_203' title='bbox 916 3485 1025 3564; x_wconf 88' lang='lat' dir='ltr'><strong>spiritu</strong></span> <span class='ocrx_word' id='word_1_204' title='bbox 1040 3493 1070 3543; x_wconf 90' lang='lat' dir='ltr'><strong>et</strong></span> <span class='ocrx_word' id='word_1_205' title='bbox 1082 3485 1178 3546; x_wconf 84' lang='lat' dir='ltr'><strong>litera.</strong></span> 
     </span>
     <span class='ocr_line' id='line_1_26' title="bbox 109 3601 200 3685; baseline 0.033 -22"><span class='ocrx_word' id='word_1_206' title='bbox 109 3601 200 3685; x_wconf 83' lang='lat' dir='ltr'><strong>Aug.</strong></span> 
     </span>
    </p>
   </div>
   <div class='ocr_carea' id='block_1_17' title="bbox 139 3703 1932 4325">
    <p class='ocr_par' dir='ltr' id='par_1_17' title="bbox 139 3703 1932 4325">
     <span class='ocr_line' id='line_1_27' title="bbox 167 3703 1116 3792; baseline -0.004 -20"><span class='ocrx_word' id='word_1_207' title='bbox 167 3711 200 3772; x_wconf 89' lang='lat'><strong>1.</strong></span> <span class='ocrx_word' id='word_1_208' title='bbox 250 3703 379 3770; x_wconf 84' lang='lat' dir='ltr'><strong>Alberto</strong></span> <span class='ocrx_word' id='word_1_209' title='bbox 394 3705 478 3769; x_wconf 92' lang='lat' dir='ltr'><strong>Duci</strong></span> <span class='ocrx_word' id='word_1_210' title='bbox 491 3705 590 3771; x_wconf 86' lang='lat' dir='ltr'><strong>Prusa.</strong></span> <span class='ocrx_word' id='word_1_211' title='bbox 608 3711 710 3772; x_wconf 88' lang='lat' dir='ltr'><strong>scribit</strong></span> <span class='ocrx_word' id='word_1_212' title='bbox 724 3711 762 3771; x_wconf 87' lang='lat' dir='ltr'><strong>de</strong></span> <span class='ocrx_word' id='word_1_213' title='bbox 774 3711 914 3792; x_wconf 87' lang='lat' dir='ltr'><strong>gradibus</strong></span> <span class='ocrx_word' id='word_1_214' title='bbox 929 3710 1116 3771; x_wconf 78' lang='lat' dir='ltr'><strong>academicis.</strong></span> 
     </span>
     <span class='ocr_line' id='line_1_28' title="bbox 163 3832 1776 3924; baseline -0.004 -24"><span class='ocrx_word' id='word_1_215' title='bbox 163 3848 201 3906; x_wconf 82' lang='lat'><strong>2.</strong></span> <span class='ocrx_word' id='word_1_216' title='bbox 251 3837 348 3900; x_wconf 80' lang='lat' dir='ltr'><strong>Mittit</strong></span> <span class='ocrx_word' id='word_1_217' title='bbox 363 3841 582 3921; x_wconf 81' lang='lat' dir='ltr'><strong>praefationem</strong></span> <span class='ocrx_word' id='word_1_218' title='bbox 597 3846 630 3902; x_wconf 89' lang='lat' dir='ltr'><strong>in</strong></span> <span class='ocrx_word' id='word_1_219' title='bbox 645 3839 690 3905; x_wconf 89' lang='lat' dir='ltr'><strong>Io.</strong></span> <span class='ocrx_word' id='word_1_220' title='bbox 709 3839 857 3905; x_wconf 88' lang='lat' dir='ltr'><strong>Schoneri</strong></span> <span class='ocrx_word' id='word_1_221' title='bbox 872 3847 1064 3924; x_wconf 83' lang='lat' dir='ltr'><strong>astrologiam</strong></span> <span class='ocrx_word' id='word_1_222' title='bbox 1078 3840 1116 3899; x_wconf 91' lang='lat' dir='ltr'><strong>ad</strong></span> <span class='ocrx_word' id='word_1_223' title='bbox 1129 3835 1198 3898; x_wconf 80' lang='lat' dir='ltr'><strong>Vir.</strong></span> <span class='ocrx_word' id='word_1_224' title='bbox 1216 3832 1425 3897; x_wconf 86' lang='lat' dir='ltr'><strong>Theodorum.</strong></span> <span class='ocrx_word' id='word_1_225' title='bbox 1769 3901 1776 3908; x_wconf 46' lang='lat'><em>,</em></span> 
     </span>
     <span class='ocr_line' id='line_1_29' title="bbox 252 3952 1932 4055; baseline -0.011 -23"><span class='ocrx_word' id='word_1_226' title='bbox 252 3970 452 4035; x_wconf 85' lang='lat' dir='ltr'><strong>Proficiscitur</strong></span> <span class='ocrx_word' id='word_1_227' title='bbox 466 3972 695 4055; x_wconf 84' lang='lat' dir='ltr'><strong>Merseburgum</strong></span> <span class='ocrx_word' id='word_1_228' title='bbox 710 3979 747 4038; x_wconf 89' lang='lat' dir='ltr'><strong>ad</strong></span> <span class='ocrx_word' id='word_1_229' title='bbox 761 3978 967 4040; x_wconf 87' lang='lat' dir='ltr'><strong>reducendum</strong></span> <span class='ocrx_word' id='word_1_230' title='bbox 980 3972 1153 4037; x_wconf 88' lang='lat' dir='ltr'><strong>Lutherum</strong></span> <span class='ocrx_word' id='word_1_231' title='bbox 1166 3974 1271 4054; x_wconf 89' lang='lat' dir='ltr'><strong>ibique</strong></span> <span class='ocrx_word' id='word_1_232' title='bbox 1287 3973 1409 4029; x_wconf 88' lang='lat' dir='ltr'><strong>interest</strong></span> <span class='ocrx_word' id='word_1_233' title='bbox 1423 3964 1606 4026; x_wconf 85' lang='lat' dir='ltr'><strong>ordinationi</strong></span> <span class='ocrx_word' id='word_1_234' title='bbox 1623 3957 1747 4039; x_wconf 86' lang='lat' dir='ltr'><strong>Georgii</strong></span> <span class='ocrx_word' id='word_1_235' title='bbox 1761 3952 1932 4019; x_wconf 74' lang='lat' dir='ltr'><strong>Auhaltini.</strong></span> 
     </span>
     <span class='ocr_line' id='line_1_30' title="bbox 143 4097 735 4192; baseline 0.005 -24"><span class='ocrx_word' id='word_1_236' title='bbox 143 4097 199 4156; x_wconf 72' lang='lat'><strong>17·</strong></span> <span class='ocrx_word' id='word_1_237' title='bbox 251 4103 408 4168; x_wconf 85' lang='lat' dir='ltr'><strong>Lutherus</strong></span> <span class='ocrx_word' id='word_1_238' title='bbox 422 4109 499 4169; x_wconf 87' lang='lat' dir='ltr'><strong>redit</strong></span> <span class='ocrx_word' id='word_1_239' title='bbox 513 4107 735 4192; x_wconf 82' lang='lat' dir='ltr'><strong>Witebergam.</strong></span> 
     </span>
     <span class='ocr_line' id='line_1_31' title="bbox 139 4232 1295 4325; baseline -0.006 -25"><span class='ocrx_word' id='word_1_240' title='bbox 139 4232 198 4292; x_wconf 82' lang='lat'><strong>20·</strong></span> <span class='ocrx_word' id='word_1_241' title='bbox 254 4237 324 4302; x_wconf 81' lang='lat' dir='ltr'><strong>Edit</strong></span> <span class='ocrx_word' id='word_1_242' title='bbox 338 4237 477 4322; x_wconf 86' lang='lat' dir='ltr'><strong>Lycurgi</strong></span> <span class='ocrx_word' id='word_1_243' title='bbox 494 4247 659 4304; x_wconf 85' lang='lat' dir='ltr'><strong>orationem</strong></span> <span class='ocrx_word' id='word_1_244' title='bbox 676 4265 797 4325; x_wconf 85' lang='lat' dir='ltr'><strong>graece,</strong></span> <span class='ocrx_word' id='word_1_245' title='bbox 830 4242 957 4304; x_wconf 88' lang='lat' dir='ltr'><strong>dicatam</strong></span> <span class='ocrx_word' id='word_1_246' title='bbox 972 4234 1111 4304; x_wconf 75' lang='lat' dir='ltr'><strong>Nobilis</strong></span> <span class='ocrx_word' id='word_1_247' title='bbox 1127 4235 1295 4301; x_wconf 84' lang='lat' dir='ltr'><strong>Carlowitz.</strong></span> 
     </span>
    </p>
   </div>
   <div class='ocr_carea' id='block_1_18' title="bbox 137 4358 1052 4592">
    <p class='ocr_par' dir='ltr' id='par_1_18' title="bbox 137 4358 1052 4592">
     <span class='ocr_line' id='line_1_32' title="bbox 137 4358 1052 4456; baseline 0.003 -23"><span class='ocrx_word' id='word_1_248' title='bbox 137 4358 199 4426; x_wconf 75' lang='lat'><strong>24·</strong></span> <span class='ocrx_word' id='word_1_249' title='bbox 251 4370 344 4434; x_wconf 90' lang='lat' dir='ltr'><strong>Bulla</strong></span> <span class='ocrx_word' id='word_1_250' title='bbox 359 4372 460 4456; x_wconf 85' lang='lat' dir='ltr'><strong>Papae</strong></span> <span class='ocrx_word' id='word_1_251' title='bbox 478 4375 515 4435; x_wconf 89' lang='lat' dir='ltr'><strong>de</strong></span> <span class='ocrx_word' id='word_1_252' title='bbox 532 4382 661 4438; x_wconf 87' lang='lat' dir='ltr'><strong>concilio</strong></span> <span class='ocrx_word' id='word_1_253' title='bbox 677 4376 856 4441; x_wconf 88' lang='lat' dir='ltr'><strong>Tridentino</strong></span> <span class='ocrx_word' id='word_1_254' title='bbox 870 4374 1052 4438; x_wconf 84' lang='lat' dir='ltr'><strong>inchoando.</strong></span> 
     </span>
     <span class='ocr_line' id='line_1_33' title="bbox 138 4498 663 4592; baseline 0.013 -26"><span class='ocrx_word' id='word_1_255' title='bbox 138 4498 200 4559; x_wconf 79' lang='lat'><strong>26·</strong></span> <span class='ocrx_word' id='word_1_256' title='bbox 252 4504 384 4568; x_wconf 86' lang='lat' dir='ltr'><strong>Annona</strong></span> <span class='ocrx_word' id='word_1_257' title='bbox 397 4521 442 4569; x_wconf 89' lang='lat' dir='ltr'><strong>est</strong></span> <span class='ocrx_word' id='word_1_258' title='bbox 456 4506 663 4592; x_wconf 83' lang='lat' dir='ltr'><strong>Witebergae.</strong></span> 
     </span>
    </p>
   </div>
   <div class='ocr_carea' id='block_1_19' title="bbox 122 4630 1419 4953">
    <p class='ocr_par' dir='ltr' id='par_1_19' title="bbox 122 4630 1419 4953">
     <span class='ocr_line' id='line_1_34' title="bbox 251 4630 1419 4723; baseline -0.014 -20"><span class='ocrx_word' id='word_1_259' title='bbox 251 4638 389 4703; x_wconf 84' lang='lat' dir='ltr'><strong>Exeunte</strong></span> <span class='ocrx_word' id='word_1_260' title='bbox 403 4640 547 4723; x_wconf 86' lang='lat' dir='ltr'><strong>Augusto</strong></span> <span class='ocrx_word' id='word_1_261' title='bbox 566 4666 635 4705; x_wconf 89' lang='lat' dir='ltr'><strong>cum</strong></span> <span class='ocrx_word' id='word_1_262' title='bbox 648 4641 807 4706; x_wconf 88' lang='lat' dir='ltr'><strong>Francisco</strong></span> <span class='ocrx_word' id='word_1_263' title='bbox 821 4639 998 4704; x_wconf 86' lang='lat' dir='ltr'><strong>Barchardc</strong></span> <span class='ocrx_word' id='word_1_264' title='bbox 1014 4644 1183 4721; x_wconf 88' lang='lat' dir='ltr'><strong>expatiatur</strong></span> <span class='ocrx_word' id='word_1_265' title='bbox 1196 4640 1228 4696; x_wconf 90' lang='lat' dir='ltr'><strong>in</strong></span> <span class='ocrx_word' id='word_1_266' title='bbox 1243 4630 1419 4695; x_wconf 67' lang='lat' dir='ltr'><strong>marchiam.</strong></span> 
     </span>
     <span class='ocr_line' id='line_1_35' title="bbox 122 4755 209 4840; baseline -0.011 -20"><span class='ocrx_word' id='word_1_267' title='bbox 122 4755 209 4840; x_wconf 89' lang='lat' dir='ltr'><strong>Sept.</strong></span> 
     </span>
     <span class='ocr_line' id='line_1_36' title="bbox 137 4861 887 4953; baseline 0.007 -24"><span class='ocrx_word' id='word_1_268' title='bbox 137 4861 198 4929; x_wconf 78' lang='grc'><strong>24.</strong></span> <span class='ocrx_word' id='word_1_269' title='bbox 250 4864 387 4929; x_wconf 84' lang='lat' dir='ltr'><strong>Monitur</strong></span> <span class='ocrx_word' id='word_1_270' title='bbox 403 4864 660 4953; x_wconf 76' lang='lat' dir='ltr'><strong>Archiepisoopus</strong></span> <span class='ocrx_word' id='word_1_271' title='bbox 675 4869 887 4953; x_wconf 85' lang='lat' dir='ltr'><strong>Moguntinus.</strong></span> 
     </span>
    </p>
   </div>
   <div class='ocr_carea' id='block_1_20' title="bbox 248 5000 1099 5068">
    <p class='ocr_par' dir='ltr' id='par_1_20' title="bbox 248 5000 1099 5068">
     <span class='ocr_line' id='line_1_37' title="bbox 248 5000 1099 5068; baseline 0.001 -7"><span class='ocrx_word' id='word_1_272' title='bbox 248 5000 318 5063; x_wconf 89' lang='lat' dir='ltr'><strong>Hoc</strong></span> <span class='ocrx_word' id='word_1_273' title='bbox 333 5024 436 5066; x_wconf 89' lang='lat' dir='ltr'><strong>mense</strong></span> <span class='ocrx_word' id='word_1_274' title='bbox 449 5005 566 5066; x_wconf 90' lang='lat' dir='ltr'><strong>bellum</strong></span> <span class='ocrx_word' id='word_1_275' title='bbox 578 5021 681 5068; x_wconf 85' lang='lat' dir='ltr'><strong>movet</strong></span> <span class='ocrx_word' id='word_1_276' title='bbox 697 5006 847 5068; x_wconf 89' lang='lat' dir='ltr'><strong>Henricus</strong></span> <span class='ocrx_word' id='word_1_277' title='bbox 862 5002 1099 5066; x_wconf 83' lang='lat' dir='ltr'><strong>Brunsvicensis.</strong></span> 
     </span>
    </p>
   </div>
   <div class='ocr_carea' id='block_1_21' title="bbox 129 5124 204 5190">
    <p class='ocr_par' dir='ltr' id='par_1_21' title="bbox 129 5124 204 5190">
     <span class='ocr_line' id='line_1_38' title="bbox 129 5124 204 5190; baseline -0.04 0"><span class='ocrx_word' id='word_1_278' title='bbox 129 5124 204 5190; x_wconf 86' lang='lat' dir='ltr'><strong>Oct.</strong></span> 
     </span>
    </p>
   </div>
   <div class='ocr_carea' id='block_1_22' title="bbox 164 5229 996 5553">
    <p class='ocr_par' dir='ltr' id='par_1_22' title="bbox 164 5229 996 5553">
     <span class='ocr_line' id='line_1_39' title="bbox 168 5229 927 5329; baseline -0.007 -33"><span class='ocrx_word' id='word_1_279' title='bbox 168 5238 200 5296; x_wconf 85' lang='lat'><strong>1·</strong></span> <span class='ocrx_word' id='word_1_280' title='bbox 250 5229 328 5295; x_wconf 81' lang='lat' dir='ltr'><strong>cum</strong></span> <span class='ocrx_word' id='word_1_281' title='bbox 343 5229 482 5329; x_wconf 77' lang='lat' dir='ltr'><strong>Luthero</strong></span> <span class='ocrx_word' id='word_1_282' title='bbox 497 5238 695 5317; x_wconf 85' lang='lat' dir='ltr'><strong>proficiscitur</strong></span> <span class='ocrx_word' id='word_1_283' title='bbox 708 5232 927 5297; x_wconf 79' lang='lat' dir='ltr'><strong>Mansfeldiam.</strong></span> 
     </span>
     <span class='ocr_line' id='line_1_40' title="bbox 164 5346 996 5415; baseline -0.004 -3"><span class='ocrx_word' id='word_1_284' title='bbox 164 5348 199 5412; x_wconf 85' lang='grc'><strong>6.</strong></span> <span class='ocrx_word' id='word_1_285' title='bbox 247 5346 353 5415; x_wconf 85' lang='lat' dir='ltr'><strong>Narrat</strong></span> <span class='ocrx_word' id='word_1_286' title='bbox 367 5355 480 5415; x_wconf 88' lang='lat' dir='ltr'><strong>bellum</strong></span> <span class='ocrx_word' id='word_1_287' title='bbox 497 5375 567 5414; x_wconf 91' lang='lat' dir='ltr'><strong>cum</strong></span> <span class='ocrx_word' id='word_1_288' title='bbox 582 5352 714 5415; x_wconf 87' lang='lat' dir='ltr'><strong>Henrioo</strong></span> <span class='ocrx_word' id='word_1_289' title='bbox 729 5351 816 5415; x_wconf 85' lang='lat' dir='ltr'><strong>Duce</strong></span> <span class='ocrx_word' id='word_1_290' title='bbox 829 5351 996 5415; x_wconf 81' lang='lat' dir='ltr'><strong>Brunswic.</strong></span> 
     </span>
     <span class='ocr_line' id='line_1_41' title="bbox 165 5448 912 5553; baseline -0.001 -20"><span class='ocrx_word' id='word_1_291' title='bbox 165 5470 199 5533; x_wconf 86' lang='grc'><strong>6.</strong></span> <span class='ocrx_word' id='word_1_292' title='bbox 248 5448 321 5533; x_wconf 82' lang='lat' dir='ltr'><strong>Mel.</strong></span> <span class='ocrx_word' id='word_1_293' title='bbox 340 5468 535 5535; x_wconf 83' lang='lat' dir='ltr'><strong>etLutherus</strong></span> <span class='ocrx_word' id='word_1_294' title='bbox 550 5473 676 5535; x_wconf 88' lang='lat' dir='ltr'><strong>redeunt</strong></span> <span class='ocrx_word' id='word_1_295' title='bbox 691 5470 912 5553; x_wconf 87' lang='lat' dir='ltr'><strong>Witebergam.</strong></span> 
     </span>
    </p>
   </div>
   <div class='ocr_carea' id='block_1_23' title="bbox 0 0 2438 6420">
    <p class='ocr_par' dir='ltr' id='par_1_23' title="bbox 0 0 2438 6420">
     <span class='ocr_line' id='line_1_42' title="bbox 0 0 2438 6420; baseline 0 0"><span class='ocrx_word' id='word_1_296' title='bbox 0 0 2438 6420; x_wconf 95' lang='lat' dir='ltr'><strong> </strong></span> 
     </span>
    </p>
   </div>
  </div>
 </body>
</html>
