4868 6420
297 287 375 361 ern
866 283 1301 365 nrtsrotattutu
1358 281 1468 366 mn.
1500 281 1564 365 IX.
1619 282 1755 367 teet.
2069 285 2071 289 ’
2258 286 2337 364 did

298 462 349 532 de'
367 473 478 532 morte
498 461 642 557 tyranni
665 460 822 536 Turcici.
881 459 924 532 ln
952 459 1137 552 Hungarla
1158 462 1291 532 multae
1325 461 1609 555 responsionem
1643 463 1687 531 ad
1719 459 1891 533 italorum
1920 452 2184 552 Quaestionem.
2244 460 2335 532 Nam

299 558 462 641 ecciesiae
485 565 564 658 piae
585 565 867 650 constituuntur3
901 565 963 634 sed
987 562 1093 634 Bassa
1115 562 1291 634 Budensis
1342 579 1402 637 tua·
1427 564 1609 655 responsio
1630 575 1769 634 tanturn
1792 568 1837 634 de
1856 584 1929 634 una
1946 566 2151 658 quaestione
2167 567 2339 658 loquitur,

299 692 420 742 recens
437 664 461 738 4
476 671 673 739 sacerdotes
695 668 772 758 capi
793 667 915 749 iussit,
941 680 975 736 et
989 663 1292 757 Constantinopo-
1342 683 1423 735 eum
1444 666 1500 734 illi
1516 672 1594 735 tuas
1609 679 1827 757 proponant:
1856 666 1916 736 An
1938 667 2060 736 renati
2071 664 2336 764 amittereSpi-

300 774 355 842 lin
370 771 474 842 mitti.
526 767 570 839 ln
587 767 688 838 ltalia
705 769 809 840 etiam
825 769 995 860 paulatim
1011 768 1150 838 avidius
1167 768 1291 857 legun-
1344 767 1454 835 ritum
1479 762 1658 835 Sanctum
1680 767 1848 862 possint5
1896 765 1960 838 Et:
1988 764 2048 836 An
2072 764 2250 837 certitudo
2270 784 2337 838 exa

301 860 776 962 t'urlib'ripuraedoctrinae
793 868 977 959 evangelii,
992 883 1027 938 et
1041 870 1147 938 multi
1167 893 1291 960 puram
1343 865 1604 963 increpuerit,
1645 865 1683 936 si
1706 865 1941 951 concedatur,
1978 863 2146 940 uenator
2168 869 2338 941 amittere

302 975 500 1043 doctrinam
526 972 750 1045 confitentur.
805 969 944 1044 Recens
962 965 1163 1041 Bononiae
1188 971 1291 1039 etiam
1343 964 1525 1065 Spiritum
1540 965 1748 1045 Sanctam?
1797 971 1857 1043 Tu
1872 972 2027 1042 breviter
2042 975 2250 1066 respondes,
2269 989 2336 1043 nee

301 1071 473 1145 honestus
496 1073 552 1142 vir
570 1086 708 1144 tantum
731 1084 875 1163 propter
899 1073 978 1163 piac
999 1072 1181 1141 doctrinae
1208 1089 1292 1139 con·
1343 1083 1460 1139 tamen
1474 1066 1567 1165 πρὸς
1584 1070 1678 1150 ἔπος.

301 1176 489 1245 sessionem
505 1175 697 1247 decollatus
714 1187 777 1244 est.
815 1171 857 1242 ld
873 1173 1040 1243 viderunt
1055 1173 1170 1243 nostri
1178 1168 1292 1242 Scho-
1445 1167 1575 1242 Oritur
1597 1186 1714 1241 antem
1739 1172 1916 1246 dubitatio
1934 1171 2032 1244 ltalia
2045 1198 2087 1244 ex
2107 1174 2335 1265 imaginatio*

301 1278 429 1349 lastici.
481 1273 525 1343 ln
540 1268 677 1345 Gallio
692 1287 776 1345 sunt
792 1273 933 1344 circiter
945 1275 1090 1364 triginta
1107 1273 1219 1342 millia
1244 1273 1292 1341 sia
1344 1273 1450 1342 nibus
1466 1268 1809 1360 Sententiariomm,
1829 1276 1873 1343 de
1889 1276 2003 1344 infusa
2018 1277 2204 1369 qualitate,
2228 1295 2334 1369 quarn

302 1373 346 1448 v'e
361 1374 565 1447 Turcorum
580 1376 653 1447 sive'
667 1366 895 1470 Aphrorum,
920 1373 983 1468 qui
999 1376 1063 1444 etsi
1076 1375 1242 1445 Nicaeam
1258 1380 1293 1443 et
1342 1375 1481 1463 fingunt
1505 1390 1539 1445 et
1561 1375 1705 1445 {mundi
1729 1389 1765 1445 et
1785 1398 1946 1461 manere,
1972 1378 2049 1446 sine
2070 1378 2201 1451 nostris
2221 1391 2335 1461 certa-

301 1481 474 1572 quaedam
491 1477 569 1548 loca
583 1486 816 1561 vexaverunt,
836 1489 956 1547 umen
979 1476 1065 1569 ipsis
1081 1474 1196 1546 Gallis
1212 1475 1292 1566 plus
1342 1476 1519 1562 minibus,
1543 1476 1619 1545 sine
1635 1474 1717 1546 fidei
1739 1477 1845 1551 lucta.
1895 1477 1977 1547 Non
1995 1480 2168 1570 cogitant,
2191 1479 2337 1549 assiduo

300 1593 449 1659 nocent,
475 1603 581 1672 quam
595 1561 815 1670 hostnust).
866 1573 915 1648 Et
931 1578 1065 1648 accedit
1088 1580 1133 1647 ad
1160 1590 1292 1646 caetera
1343 1577 1496 1666 pabulo,
1527 1578 1660 1649 scilicet
1682 1579 1791 1647 verbo
1807 1577 1875 1648 Dei
1897 1603 1986 1670 opus
2010 1603 2102 1665 esse,
2127 1596 2164 1652 et
2179 1595 2334 1650 mentem

299 1683 412 1765 mala,
438 1681 534 1772 quod
557 1679 753 1750 multorum
780 1677 912 1749 liberos
928 1678 1092 1772 rapiunt,
1118 1691 1152 1749 et
1177 1678 1293 1770 impo-
1344 1679 1542 1770 aquiescere
1556 1678 1645 1748 Fide
1668 1679 1708 1748 in
1730 1681 1838 1748 verbo
1852 1678 1932 1755 Dei.
1990 1680 2153 1775 Denique
2175 1682 2334 1751 iudicare

302 1796 395 1853 nunt
408 1783 447 1850 in
463 1803 581 1850 naves.
1343 1779 1469 1850 volunt
1495 1782 1540 1849 de
1561 1780 1745 1851 voluntate
1766 1778 1854 1865 Dei,
1884 1783 1961 1853 sine
1981 1784 2101 1852 verbo.
2158 1774 2241 1852 Non
2266 1778 2335 1853 hoe

403 1880 658 1974 Spiraetipcne
672 1870 782 1951 horae
795 1892 1091 1951 consumtaesnnt
1105 1878 1143 1947 in
1160 1904 1291 1971 pompa
1343 1881 1449 1949 statui
1480 1894 1619 1971 oportet
1648 1904 1723 1950 non
1754 1905 1895 1951 casuros
1918 1907 1984 1953 nos
2008 1907 2098 1953 esse:
2151 1883 2221 1954 Sed
2245 1879 2332 1970 lloc3

302 1982 535 2055 circumducti
555 1982 647 2052 asini
667 1981 725 2051 die
749 1979 967 2056 Palmarum.
1024 1979 1208 2074 Principes
1229 1985 1294 2052 ad·
1345 2004 1411 2050 nos
1426 1979 1688 2077 inpraesentia
1701 1975 1834 2053 habere
1851 1982 2189 2070 reconciliationem,
2208 1993 2241 2053 et
2255 1983 2342 2054 tam'

300 2087 463 2173 fuerunt,
487 2094 626 2176 praeter
637 2079 773 2154 Ducer‘n
785 2081 960 2154 Saxoniae
972 2077 1185 2158 Electorem.
1202 2096 1268 2158 etc.
1345 2076 1409 2151 diu
1424 2075 1577 2170 habere,
1599 2079 1709 2153 donec
1723 2076 1842 2173 fidem
1861 2093 1894 2154 et
1909 2083 2043 2156 bonam
2061 2079 2334 2157 Conscientiam

563 2244 637 2306 ab,
663 2242 698 2306 m
774 2245 777 2250 ,
860 2239 981 2307 hmB
1052 2244 1060 2263 ,
1346 2175 1552 2253 retinemus.
1599 2181 1648 2254 Et
1664 2179 1733 2253 hoc
1749 2185 1866 2274 ipsum
1889 2211 1964 2257 non
1983 2190 2059 2257 sine
2083 2189 2275 2258 certamine
2294 2189 2334 2259 fit

516 2239 563 2323 (D
627 2256 652 2306 η
697 2262 859 2325 ⁰¹P⁰⁸¹⁸P
983 2241 1091 2323 m)
1346 2286 1385 2353 in
1407 2286 1546 2359 animis.
1596 2284 1742 2355 Mittam
1762 2287 1871 2375 igitur
1893 2289 1960 2357 tibi
1981 2289 2237 2380 longiusculam
2259 2288 2334 2361 Re-

504 2370 507 2372 *
1276 2442 1279 2449 .
1343 2388 1583 2476 sponsionem.
1633 2385 1722 2456 Nam
1746 2387 1782 2455 id
1799 2382 2017 2459 Ioacitimus
2034 2413 2174 2484 qnoque
2196 2391 2333 2480 petivit,

1344 2488 1407 2580 qui
1430 2492 1536 2558 etiam
1557 2510 1620 2557 sua
1642 2510 1743 2556 causa
1760 2488 1900 2560 dicebat
1920 2514 1956 2560 se
1974 2493 2242 2583 explicationem
2267 2490 2334 2562 tte-

1135 2617 1168 2681 ..
1182 2597 1268 2676 nn.
1343 2589 1463 2678 aare.

639 2765 645 2782 ἱ
1114 2690 1286 2732 “²⁴“
1444 2687 1551 2759 Nunc
1584 2690 1693 2780 igitur
1713 2690 1895 2781 ingredior
1917 2688 2158 2779 Wimariam,
2189 2706 2333 2764 vocatus

639 2794 686 2892 γ
725 2797 960 2892 Theodoro·
1305 2830 1308 2841 ·
1342 2791 1387 2860 de
1402 2791 1547 2880 negocio
1565 2789 1724 2863 Tutelae.
1775 2789 1818 2860 In
1839 2786 1908 2861 hoc
1931 2792 2059 2864 itinere
2074 2796 2255 2867 adornabo
2276 2819 2333 2866 rc-

681 2868 693 2891 ⁰
1342 2893 1581 2984 sponsionem.
1630 2890 1729 2963 Bene
1744 2893 1834 2967 vale.
1883 2890 1951 2963 Die
1964 2893 2000 2969 4.
2016 2895 2119 2968 Maii.

368 2949 696 3108 dpffipsiahpfflrss
716 2987 776 3041 qq.
791 2995 827 3011 -
874 2968 927 3025 nte
945 2988 975 3025 o
994 2970 1162 3042 :suompte
1180 2971 1209 3025 n
1227 2970 1291 3026 eoa.
1853 2988 2043 3089 Philippus
2057 2991 2284 3074 Memfim).

297 3177 353 3262 D.
371 3174 417 3264 V
420 3188 485 3262 ito
500 3186 539 3261 T
545 3187 764 3278 deodato,
787 3141 1083 3291 docentiEranp⁴
1099 3192 1139 3265 in
1148 3180 1288 3270 Eccles.

700 3288 900 3388 Nortberg.

226 3491 236 3502 .
295 3405 342 3496 S·
368 3419 415 3500 D.
465 3421 610 3518 Accedit
624 3419 714 3493 mihi
733 3427 779 3496 ad
794 3427 1019 3521 quotidianas
1032 3431 1289 3520 occupationes,
1338 3357 1537 3483 ψ’
1627 3440 1632 3449 “
2152 3368 2333 3491 Q

298 3533 389 3619 quae
415 3538 449 3596 et
470 3525 602 3596 multae
623 3538 727 3614 sunt,
752 3541 787 3598 et
802 3529 885 3598 satis
899 3531 1085 3616 molestae,
1110 3533 1212 3602 labor
1229 3557 1287 3601 re·
1608 3523 1761 3626 soaph,
1795 3533 2056 3632 camerario,

238 3627 244 3635 '⁴
298 3627 453 3696 cudendi
467 3621 829 3719 locos'l'heologicos,
843 3631 905 3724 qui
919 3654 1015 3703 nunc
1027 3635 1183 3703 eduntur
1197 3636 1286 3703 ube-

299 3728 410 3796 riores
433 3741 466 3798 ct
487 3727 686 3800 nitidiores.
734 3726 828 3799 Nolo
853 3731 949 3800 enirn
969 3757 1081 3803 novos
1103 3735 1214 3804 libros
1227 3735 1287 3803 in-

299 3829 454 3899 anum
505 3827 580 3898 ¹¹³⁸
602 3823 794 3948 Meihfdm
814 3828 954 3949 s⁰i¹⁰¹i⁸
974 3836 1187 3904 ⁰⁰⁰0⁸⁵³¹3¹¹⁸
1206 3860 1286 3926 tes·
1337 3849 1563 3930 Clarissimo
1587 3857 1666 3929 viro
1686 3855 1889 3932 eruditione
1913 3869 1946 3931 et
1972 3861 2101 3934 virtute
2119 3866 2331 3962 praestanti

297 3929 412 4020 polire
426 3928 544 4020 cupio.
591 3927 683 3998 Nam
702 3947 878 4002 raventun
895 3959 984 4025 opus
999 3949 1098 4006 estet
1112 3932 1285 4006 Metlrodo
1336 3954 1581 4031 [oachim
1613 3952 1891 4034 camerario
1918 3957 2163 4058 Pabergensi,
2208 3967 2328 4055 amico

1426 3699 1513 3774 Epio.
1527 3700 1560 3756 ed
1573 3700 1712 3757 Carnem.
1726 3723 1754 3777 p.
1767 3703 1832 3761 458.
1852 3705 1905 3774 (ed.
1920 3707 2012 3778 Lond.
2026 3700 2077 3760 tt.
2088 3723 2131 3780 ep.
2142 3699 2225 3779 820.)-

299 4030 433 4124 aliqua,
449 4032 483 4100 et
499 4027 642 4121 propria
659 4031 901 4121 explicationis
916 4037 1040 4122 torma,
1056 4050 1089 4106 et
1102 4036 1289 4106 metisdis-

296 4130 534 4222 putationum.
583 4126 638 4202 Ac
659 4127 749 4201 mihi
773 4135 869 4204 testis
891 4149 943 4206 est
962 4134 1076 4216 Deus,
1112 4149 1188 4219 toto
1218 4133 1293 4207 hoc'

297 4230 468 4303 decennio
496 4245 531 4302 ct
552 4232 665 4302 multo
689 4247 769 4303 ante
790 4236 976 4327 praecipue
996 4263 1053 4306 me
1074 4232 1143 4308 hoc
1166 4239 1288 4327 egisse,

296 4344 337 4402 ut
353 4333 472 4427 aliqua
486 4333 674 4403 mediocris
690 4335 878 4406 doctrinae·
888 4331 1124 4431 ὖποτόμωσις
1139 4341 1217 4410 talis
1228 4365 1288 4409 ex-

279 4432 398 4504 taret.
448 4431 521 4506 Nec
538 4448 576 4504 tu
602 4435 760 4524 ignoras,
787 4452 959 4530 quantum
976 4441 1234 4510 calumniarum
1247 4466 1286 4509 ac

297 4534 537 4626 suspicionum
557 4536 641 4604 inde
657 4538 751 4629 apud
769 4546 827 4607 eos
841 4553 958 4610 ortum
976 4541 1041 4626 sit,
1057 4543 1119 4635 qui
1135 4566 1190 4610 me
1207 4555 1288 4633 pre-

1573 4085 1643 4133 suo
1665 4060 1879 4146 carissimo,
1910 4057 2086 4162 Lipsiae,

1334 4170 1380 4261 S.
1405 4194 1451 4269 1).
1500 4190 1690 4287 Expectari
1712 4222 1771 4267 me
1791 4199 1895 4293 avide
1919 4223 1938 4270 a
1959 4213 1993 4270 te
2008 4200 2189 4288 existimo,
2215 4212 2250 4273 et
2265 4205 2328 4284 de-

1336 4295 1466 4366 siderio
1486 4308 1630 4367 tuorum
1655 4323 1857 4370 sermonum
1880 4301 1955 4392 ipse
1978 4316 2101 4373 teneor
2114 4299 2329 4380 vehementi.

1337 4396 1407 4467 Sed
1422 4410 1568 4469 ‘vocatus
1589 4392 1827 4470 Wimariom
1842 4403 1886 4470 de
1902 4401 2052 4474 Tutelae
2072 4406 2240 4497 negocio,
2267 4430 2330 4500 per

1337 4496 1475 4568 Salinas
1499 4499 1611 4570 tacere
1635 4500 1703 4596 iter
1720 4525 1844 4591 cogor,
1869 4515 1910 4574 ut
1934 4504 1984 4573 ibi
2004 4505 2181 4597 explorem
2196 4508 2331 4579 volun-

295 4659 390 4705 ΜΕ
407 4635 606 4727 cupiebam·
1339 4610 1442 4670 tatem
1465 4612 1607 4669 uenatus
1628 4604 1673 4672 de
1687 4605 1836 4692 pecunia
1860 4606 1952 4694 apud
1977 4628 2056 4676 eum
2072 4620 2232 4678 senatum
2251 4610 2331 4680 col-

282 4808 312 4823 „
399 4733 469 4806 Sed
486 4738 592 4806 rede'o
611 4738 655 4804 ad
672 4736 886 4822 institutum,
905 4732 989 4809 dum
1007 4750 1196 4833 occupatus
1208 4768 1286 4862 sum
1338 4700 1981 4895 kffiffieffiaffhffigfflpe
1999 4720 2175 4895 1tltpnquaersrq
2194 4712 2331 4884 qqtlplppg

281 4829 365 4905 'hoc
395 4849 553 4930 tempore
580 4838 690 4927 magis
716 4863 823 4935 quam
846 4840 950 4925 alias,
985 4845 1125 4932 sugerius
1149 4845 1288 4914 institui
1338 4902 1512 4972 mitem
1527 4905 1698 4992 negociis,
1725 4907 1957 5000 idquemagis
1976 4909 2070 4978 filiu
2086 4905 2330 5000 hammone,

297 5034 528 5053 .........
1338 5026 1427 5095 quae
1448 5005 1569 5072 omnia
1590 5005 1662 5096 agit
1680 5003 2051 5103 πλεονεκτικώτερον,
2077 5018 2330 5105 quamnostri

330 5149 360 5221 *)
379 5158 435 5208 lam
456 5171 547 5208 mense
565 5154 643 5276 Auqi
658 5155 724 5207 anni
748 5154 823 5210 1543.
842 5155 1023 5224 Barbarossa,
1048 5158 1180 5214 Turrinus
1200 5160 1287 5230 lega·
1335 5098 1496 5199 γνησίως
1512 5102 1696 5181 Germffli‘
1748 5107 1832 5180 Ideo
1854 5113 2080 5182 cumulantur
2095 5116 2330 5204 negocimum

365 5231 407 5272 a,
437 5222 607 5275 accersitore
645 5216 813 5291 manne„
833 5245 896 5277 ...ῃ
912 5225 1163 5282 01³⁸...101m5ffl
1182 5245 1287 5283 ..Μ
1337 5206 1579 5287 difficultates,
1602 5213 1699 5303 quod
1721 5212 1866 5282 tortasse
1882 5213 1988 5281 etiam
2005 5213 2044 5282 in
2058 5213 2242 5288 Dictatore
2263 5233 2323 5289 tna

363 5258 857 5415 Tzi¹12¹g¹3¹¹ssoeffi¹fflg¹d¹tt¹ita¹¹·
868 5296 1285 5437 spffffizfmffisspssffissq
1336 5306 1603 5382 arrimad‘rertes.
1660 5309 1731 5382 Sed
1757 5337 1821 5382 oro
1837 5298 1970 5396 Deum,
1995 5327 2038 5386 ut
2058 5317 2201 5411 utrique
2216 5314 2323 5391 scho-

362 5425 423 5481 ast.
440 5425 500 5479 tto.
1335 5410 1390 5479 lae
1405 5395 1715 5502 tranquillitatem,
1733 5415 1932 5484 studiorum
1945 5416 2169 5503 felicitatem,
2183 5433 2321 5492 etron-
