4868 6420
211 387 288 468 416
783 377 1221 460 ttttsrouAtttJM
1269 381 1376 459 mn.
1409 381 1475 464 tx.
1528 380 1659 465 1⁶44.
2167 391 2245 468 416

313 554 588 635 luterCarolum
601 569 635 628 et
648 579 764 648 regem
771 551 949 626 Danicum
962 554 1066 629 aiunt
1080 578 1202 648 pacem
1252 552 1326 624 ciac
1344 555 1484 633 accidit.
1535 555 1608 629 Sed
1629 580 1776 648 suggero
1793 556 1884 629 mihi
1905 559 2002 631 illam
2020 585 2142 634 vocem
2158 587 2244 655 pro·

212 668 338 737 tactam
358 685 445 737 esse.
502 657 573 734 Sed
594 653 681 730 haec
704 657 878 749 intelliget
898 653 991 734 Cels.
1016 683 1051 735 v.
1075 656 1204 728 certius
1252 651 1394 747 phetae:
1423 656 1517 727 lram
1538 656 1606 729 Dei
1629 661 1829 746 sustinebo,
1854 663 1936 755 quia
1960 667 2100 753 peccavi
2122 664 2177 750 ei,
2204 690 2244 737 ac

210 792 254 839 οι
271 765 362 838 aliis,
691 796 696 801 -
1252 781 1317 826 oro
1331 755 1466 845 Deum,
1488 772 1529 831 nt
1551 755 1637 831 haec
1661 763 1765 832 nobis
1787 763 1877 832 mala
1904 764 2052 853 mitiget.
2104 764 2244 838 Fuisset

312 863 409 937 Dens
429 874 529 953 pater
541 857 680 931 domini
700 858 816 930 nostri
835 856 916 932 lesu
931 854 1068 931 Christi
1087 870 1204 928 custos
1251 858 1488 929 rectissimum
1512 861 1573 948 id,
1599 864 1693 956 quod
1717 858 1806 932 mihi
1822 857 2038 958 placebat').
2087 866 2159 937 Sed
2186 867 2244 937 ni·

210 960 391 1040 Ecclesiae
407 986 512 1055 suae,
535 974 569 1033 et
581 959 798 1054 politiarum,
824 982 915 1055 quae
930 962 1103 1054 praebent
1118 954 1204 1028 hos-
1251 953 1305 1027 hil
1320 959 1419 1030 volui
1434 961 1547 1032 saeerc
1567 956 1859 1061 φορτικώτερον,
1883 977 1919 1034 et
1938 966 2103 1036 videbam
2129 992 2243 1062 quan-

211 1066 300 1160 pitia
314 1064 493 1150 Ecclesiis,
507 1078 621 1135 servet
637 1059 729 1136 Cels.
743 1088 778 1133 v.
794 1062 1009 1134 incolumem
1024 1075 1059 1132 et
1074 1060 1204 1151 guber·
1251 1072 1329 1130 tum
1343 1064 1572 1135 contenderes
1589 1088 1634 1133 ne
1648 1065 1757 1138 fieret.
1794 1064 1848 1135 Te
1864 1067 1977 1137 movit
1991 1069 2118 1138 umbra
2133 1093 2242 1162 quae-

210 1182 362 1242 neceam
379 1190 527 1257 semper.
576 1162 688 1235 Datac
707 1162 942 1255 Witebergae
958 1163 1016 1235 die
1032 1159 1204 1235 xllllu-
1251 1161 1334 1231 dam
1351 1166 1422 1234 τοῦ
1434 1167 1562 1249 καλοῦ,
1587 1189 1645 1234 me
1659 1179 1782 1236 contra
1797 1189 1962 1255 magnae,
1982 1171 2042 1238 sed
2059 1170 2243 1245 obscurio-

210 1294 271 1366 ny.
323 1260 606 1361 ann01544.·)
1084 1321 1086 1324 ι
1251 1285 1308 1332 res
1322 1286 1463 1333 caussae
1477 1267 1679 1340 movebant.
1731 1264 1779 1336 At
1794 1269 1889 1360 quod
1904 1269 2036 1340 sactum
2051 1284 2120 1356 est,
2145 1295 2242 1342 nunc

528 1364 743 1440 Celsitudini
756 1378 891 1438 vestrae
1252 1363 1397 1457 quidem
1424 1361 1636 1462 στερκτέον,
1673 1380 1708 1437 et
1739 1365 1806 1438 Dei
1836 1369 2009 1440 auxilium
2044 1372 2242 1464 imploran-

888 1465 1050 1536 addictus
1252 1467 1416 1537 dumest.

717 1563 909 1661 Philippus
924 1559 1152 1638 Melanthon.
1203 1582 1206 1591 ·
1355 1564 1531 1636 Gallicam
1553 1566 1735 1659 epistolam
1758 1567 1824 1641 tibi
1850 1569 1951 1641 mitto
1975 1572 2051 1644 eins
2066 1573 2155 1661 viri,
2180 1598 2242 1645 cu·

1252 1666 1309 1737 ius
1325 1668 1569 1739 recordatione
1586 1670 1751 1740 delectari
1766 1685 1800 1742 te
1816 1672 1980 1748 arbitror.
2032 1673 2139 1763 Quod
2158 1675 2243 1747 facit

312 1753 386 1827 lam
407 1750 475 1825 hac
494 1749 584 1824 hora
598 1753 720 1824 audivi
734 1747 1056 1823 BrunSWt'ctmtm
1071 1743 1203 1818 habere
1253 1768 1472 1838 mentionem
1506 1769 1673 1861 epistolae
1705 1774 1751 1841 ad
1783 1771 1823 1841 L.
1855 1771 1968 1844 Cassii
2000 1775 2241 1847 interfectores
2295 1782 2298 1786 ’

209 1858 401 1929 exercitum
418 1869 452 1928 et
465 1878 611 1946 magnos
627 1856 802 1926 tumultus
818 1848 962 1927 metui·⁷
978 1848 994 1947 )
1252 1867 1397 1954 missae,
1411 1893 1496 1947 ,non
1510 1894 1653 1961 prorsus
1668 1873 1798 1943 iniusta
1814 1877 1955 1967 querela
1969 1889 2033 1950 est.
2083 1876 2156 1948 Sed
2177 1901 2241 1969 ego

1253 1970 1297 2039 ad
1321 1972 1498 2062 quendam
1522 1970 1647 2041 Mense
1670 1972 1802 2042 Martio
1825 1976 1969 2068 scripsi,
1999 1991 2034 2047 et
2048 2001 2174 2048 sanare
2186 1980 2242 2048 ot·

1252 2071 1448 2140 sensionem
1462 2072 1594 2142 studui.
1647 2071 1716 2146 οὐκ
1735 2072 1885 2172 ἀγνοῶν
1901 2078 1950 2158 alc
1963 2071 2044 2151 olor
2060 2075 2241 2152 κίνδυνον

356 2230 360 2237 ,
1254 2165 1453 2267 ι’μβάλοιμι
1476 2168 1650 2267 ἐμαυτὸν.
1709 2172 1827 2269 Atque
1856 2173 1942 2248 ltacc
1973 2181 2066 2249 mala
2096 2182 2242 2252 sortasse

212 2248 280 2320 No·
296 2247 406 2320 2962·
1049 2245 1198 2318 ¹⁸·¹¹¹⁰··
1252 2272 1323 2342 iam
1340 2296 1416 2343 non
1438 2287 1636 2366 erumpent.
1685 2271 1762 2367 Ego
1783 2291 1901 2348 tamen
1920 2275 1987 2349 hoc
2011 2283 2179 2369 servabo,
2203 2296 2242 2355 nt

214 2344 387 2375 Μ
873 2429 880 2445 ,
1025 2338 1197 2367 Μ
1252 2372 1459 2445 difficilibus
1475 2386 1510 2445 et
1530 2375 1666 2445 miseris
1681 2379 1786 2448 rebus
1801 2381 2001 2466 consulam,
2027 2384 2057 2454 cl
2074 2375 2241 2476 δύναμαι

482 2426 631 2511 ῘΟαθῘῑ*
658 2422 914 2512 cameram·
1251 2469 1393 2546 τελέσαι
1406 2471 1470 2547 stul
1485 2475 1516 2546 al
1530 2474 1785 2569 τετελεσμένον
1803 2477 1890 2551 ἐστὶ.
1942 2480 2014 2553 Sed
2029 2484 2072 2553 de
2092 2479 2151 2553 his
2176 2486 2241 2556 tibi

276 2587 718 2663 mbcsdcsnenrffltssq.
737 2586 790 2658 (ed
800 2585 893 2642 Laud.
910 2582 1019 2643 tibtv.
1036 2603 1079 2659 ep.
1093 2584 1175 2656 ssa).
1251 2576 1420 2647 molestus
1442 2600 1518 2646 non
1539 2601 1610 2648 ero.
1661 2576 1786 2650 Metuo
1806 2607 1851 2651 ue
1874 2582 2054 2675 aliquanto
2067 2599 2148 2677 post
2163 2610 2242 2679 per·
2306 2648 2311 2657 .

210 2739 436 2819 Clarissimo
459 2745 537 2818 viro
564 2741 766 2815 eruditione
786 2752 818 2814 et
843 2743 972 2815 virtute
994 2740 1207 2840 praestanti
1251 2676 1403 2795 nich-³⁸³⁵
1430 2679 1553 2749 turbas
1575 2679 1777 2773 aliquorum
1808 2681 2017 2776 impmemia
2046 2688 2242 2760 ‘mmm'

1251 2801 1292 2849 ra
1311 2792 1369 2853 stt.

108 2854 112 2861 '
235 2841 477 2920 I-oacltimo
503 2839 711 2921 Camera.
744 2838 990 2942 Pabergensi,
1024 2840 1177 2914 Rectari

293 2943 514 3019 Academiae
535 2941 711 3045 Lipsicae
752 2945 872 3018 amico
896 2971 964 3018 sao
990 2945 1108 3018 cariss
1354 2878 1394 2950 Si
1409 2881 1454 2949 ad
1471 2896 1630 2952 smum
1647 2880 1829 2975 Llp⁵i⁰¹¹¹¹¹
1846 2877 1958 2979 P‘d‘r
1977 2909 2052 2966 '¹⁰¹¹
2068 2887 2167 2960 ¹⁰3⁸st
2181 2910 2242 2980 l*

717 3001 729 3035 ²
1109 3000 1119 3021 s

1217 3056 1221 3063 ,
1252 2979 1407 3066 cuniam,
1428 3004 1593 3052 nuscum
1614 2984 1678 3055 illo
1699 2987 1929 3077 litigabimus.
1981 2985 2105 3083 ltaque
2121 2991 2244 3083 explo-

207 3065 254 3159 S·
280 3082 325 3159 D.
375 3083 466 3155 Cum
481 3083 774 3174 gubernationem
792 3079 931 3154 scholae
945 3080 1203 3173 Regiomonta·
1252 3081 1349 3153 rabis
1363 3104 1411 3151 an
1425 3082 1572 3157 miserit.

209 3212 278 3258 nae
294 3183 460 3256 Sabinas
474 3179 643 3271 ambiret,
661 3185 775 3256 multa
796 3179 888 3254 mibi
910 3183 949 3252 in
971 3198 1125 3255 montem
1141 3207 1204 3253 ve-
1353 3178 1604 3254 Adolcscentes
1625 3178 1900 3258 Werthemium
1922 3203 1956 3260 et
1974 3181 2245 3289 Limpergium,

210 3289 375 3373 niebant,
394 3310 483 3380 quae
505 3310 563 3356 me
585 3285 796 3371 movebant,
816 3309 863 3354 ue
889 3308 971 3355 cum
991 3285 1046 3355 illi
1062 3284 1205 3356 muneri
1253 3284 1409 3355 arbitror
1431 3285 1468 3354 in
1486 3287 1633 3357 aedibus
1650 3285 1814 3360 Doctocis
1826 3284 2021 3361 Benedicti
2034 3294 2246 3388 aliquandiu

211 3388 486 3485 praeficiendum
509 3387 693 3472 ducerem,
727 3387 824 3479 quod
846 3387 997 3480 requirit
1019 3382 1203 3456 hominem
1253 3399 1533 3457 commoraturos
1549 3411 1632 3472 esse,
1657 3392 1752 3482 quod
1771 3391 1801 3459 si
1816 3393 1892 3474 fiet,
1918 3394 2033 3463 studia
2047 3417 2170 3467 eornm
2188 3397 2248 3467 in-

211 3486 437 3565 scltolasticas
453 3510 578 3580 operas
593 3498 792 3568 amantem,
817 3511 892 3556 non
911 3482 1203 3558 abhorrentema
1253 3485 1410 3578 spiciam.
1468 3486 1608 3558 Nuneio
1628 3513 1703 3558 non
1729 3493 1843 3561 solum
1867 3494 2051 3586 epistolam
2075 3494 2249 3568 Pmteni·

212 3585 459 3685 philosophia,
491 3584 555 3661 καὶ
583 3584 896 3684 συμβιβαστικὸν.
953 3588 1052 3660 Cessi
1084 3603 1204 3661 tamen
1254 3589 1489 3672 camreddes,
1508 3590 1693 3659 sedetiam
1718 3595 1850 3664 scribes
1872 3597 1948 3687 ipse
1963 3596 2085 3684 nobis,
2108 3597 2184 3670 imo
2211 3613 2249 3672 et

212 3694 323 3787 ipsius
346 3690 530 3784 cupiditati
555 3706 590 3761 ct
612 3703 674 3759 tuo
694 3689 848 3776 iudicio,
872 3693 967 3784 quod
998 3694 1042 3760 de
1064 3691 1127 3760 illo
1153 3705 1205 3762 cst
1254 3685 1403 3764 Sabino.
1454 3687 1552 3761 Bene
1569 3693 1666 3778 vale,
1690 3694 1750 3764 die
1764 3693 1863 3765 lunii
1880 3694 1982 3766 ΧΙΙΙ,

212 3795 443 3889 praeclarum.
502 3786 554 3861 Ac
588 3786 680 3859 milri
705 3791 849 3884 quidem
874 3804 909 3862 et
939 3792 1028 3863 meis
1060 3793 1203 3862 exordia
1816 3793 2003 3889 Philippus
2017 3796 2196 3876 Melantb.

212 3899 309 3968 fuere
333 3892 542 3963 trlstissima.
600 3889 704 3961 Nunc
731 3892 827 3985 quod
851 3893 1023 3982 suscepit,
1055 3905 1138 3983 opto
1164 3907 1206 3963 ut
1250 3923 1253 3930 ·
1358 3887 1434 3960 Iam
1457 3892 1725 3983 obsignaveram
1748 3892 2057 3990 hancepistolam,
2081 3903 2249 3978 cumsc-

212 3996 364 4067 seliciter
379 3993 612 4064 administret.
648 3988 846 4084 Epistolam
864 3993 909 4061 ad
925 3990 1127 4085 Principem
1143 4016 1204 4085 pc-
1252 3993 1516 4062 natutlitterae
1537 3995 1747 4072 afferuntur.
1797 3997 1852 4068 De
1871 4002 2000 4094 quibus
2021 4006 2248 4094 respondebo

215 4097 315 4182 tivit,
339 4118 444 4190 quam
459 4092 603 4185 scripsi,
621 4117 660 4162 ac
678 4106 758 4184 peto
776 4107 906 4164 utnon
926 4096 1032 4162 modo
1048 4095 1204 4164 subscri·
1253 4115 1333 4161 cum
1355 4091 1484 4182 legero.
1534 4091 1639 4167 Nunc
1664 4100 1708 4166 de
1729 4100 1878 4187 ancilla,
1909 4102 2014 4193 plane
2035 4103 2065 4172 si
2091 4123 2249 4181 accenset

214 4199 372 4293 ptiouem
397 4195 452 4267 tui
472 4194 645 4278 nominis,
675 4196 735 4263 sed
767 4194 874 4264 etiam
905 4194 1059 4284 sigillum
1081 4196 1203 4270 addas.
1252 4185 1420 4263 Sabinus
1433 4208 1494 4264 aut
1508 4196 1602 4268 mitti
1616 4200 1730 4285 volet,
1756 4203 1863 4270 velim
1888 4226 1965 4271 eam
1986 4204 2091 4277 mitti.
2136 4206 2249 4283 Nune

215 4301 377 4373 Fortasse
393 4297 487 4368 dices
500 4295 627 4384 frigide
645 4297 827 4367 laudatum
841 4318 927 4364 esse.
978 4295 1048 4366 Sed
1073 4319 1136 4385 ego
1163 4296 1201 4366 in
1252 4293 1349 4362 enim
1367 4295 1505 4365 nullam
1520 4292 1643 4383 babet,
1669 4313 1703 4370 ct
1718 4325 1792 4372 mea
1807 4303 1880 4374 filia
1895 4329 1967 4373 non
1983 4319 2032 4375 est
2048 4330 2114 4396 par
2126 4309 2249 4383 labori

215 4400 284 4474 hoc
300 4414 399 4471 tanto
415 4420 493 4467 meo
507 4397 605 4467 luctu
618 4396 704 4489 quid
723 4420 865 4488 possum
877 4397 952 4465 ulla
975 4400 1018 4464 de
1040 4420 1078 4464 re
1099 4397 1202 4467 lucu·
1252 4395 1338 4470 sola.
1395 4391 1449 4465 Ac
1468 4399 1561 4467 malo
1584 4398 1773 4472 Misnicam
1795 4403 1864 4496 ipsi
1892 4408 2100 4498 adiungere,
2135 4437 2248 4507 quam

215 4506 330 4575 lenter
359 4498 536 4570 scribere?
584 4495 639 4567 De
666 4498 729 4589 illo
753 4521 836 4566 vero
864 4521 944 4566 cum
971 4491 1104 4585 cogito,
1135 4522 1202 4589 με·
1250 4494 1407 4588 aliquam
1423 4493 1654 4576 Marchicam.

216 4604 342 4696 ταῤῥεῖ
360 4597 462 4671 ἅπαν
476 4594 519 4670 τὸ
536 4591 630 4688 αἷμα
651 4592 842 4667 ἄλλοσὲιιοι
863 4601 942 4668 τῶν
964 4590 1200 4695 σπλάγχνων.

218 4704 268 4776 Et
281 4716 428 4791 augetur
442 4723 541 4769 meus
562 4699 683 4777 dolor,
707 4700 802 4791 quod
823 4713 928 4767 meet
950 4722 1046 4767 ineos
1062 4713 1201 4768 tantum
1265 4695 2253 4741 Μ

218 4805 373 4876 accusari
389 4803 511 4885 video,
537 4800 638 4868 illum
656 4799 756 4889 culpa
775 4798 937 4883 liberari,
964 4800 1025 4892 qui
1040 4825 1112 4887 me,
1139 4802 1202 4892 qui
1251 4822 1319 4898 No·
1336 4825 1448 4897 2963ο
2080 4856 2141 4922 u·
2159 4851 2235 4926 lua.

218 4908 380 4977 miseram
404 4903 588 4971 mulierem
618 4923 730 4967 meam
763 4899 968 4989 coniugem,
1002 4901 1062 4992 qui
1087 4926 1202 4972 meam
1256 4921 1430 4952 Μ
1883 4933 1897 4948 .
2063 4924 2248 4980 Q

219 5009 327 5077 filiam
361 5006 430 5074 iam
459 5023 572 5072 annos
600 5014 678 5069 octo
708 5000 953 5090 multipliciter
979 5003 1203 5076 excruciavit.
1470 4983 1707 5084 Marcellus
1736 5002 1798 5086 ati
1826 5007 2044 5126 Zwt'llirtg.

218 5108 341 5201 Neque
364 5131 404 5175 es
427 5100 678 5222 hacatfinitate
698 5101 848 5171 multum
864 5096 979 5171 adbuc
998 5099 1084 5172 mihi
1103 5104 1205 5174 lacti·
1324 5137 1425 5192 Manlii
1438 5136 1649 5224 tamgpsao.
1666 5172 1703 5184 -
1736 5145 2167 5218 Nonsuonominebtsrcettom
2181 5164 2257 5226 tim

1344 5207 1489 5327 ‹ppistolsru
1503 5227 1656 5283 surpasse,
1673 5211 1792 5268 sedeam
1807 5222 2008 5292 praescripsisse
2027 5226 2112 5285 alicui
2133 5252 2256 5292 suorum

219 5301 449 5322 Μ
1363 5273 1556 5346 1scrpulorum,
1575 5277 1729 5351 Torgame,
1746 5301 1802 5337 non
1819 5296 1859 5340 est
1874 5289 1947 5358 quod
1962 5311 2137 5357 moneamus.

252 5437 279 5503 6)
298 5434 363 5488 l'ez.
378 5430 525 5485 mutam
542 5431 617 5485 1554·
986 5439 989 5445 '
1257 5432 1478 5449 ...-.......

253 5524 281 5595 7)
299 5515 643 5578 perscrutabam
1290 5518 1322 5587 *l
1339 5529 1369 5576 ut
1383 5519 1438 5576 tilis
1448 5521 1480 5579 P.
1494 5523 1535 5579 Μ.
1548 5523 1742 5584 restitueretur.
