4868 6420
189 326 262 401 871
758 321 1196 404 EPlSTOLARUM
1261 325 1371 406 LIB.
1405 326 1470 402 lx,
1524 326 1658 407 1⁵45.
2166 333 2240 410 872

193 501 373 593 quendam
392 492 613 569 adeotatae
628 494 677 590 (i)
693 522 729 567 se
746 498 864 589 ipsum
879 499 1085 586 fascinasse‚
1112 525 1191 570 cum
1246 500 1436 571 deliberari
1450 499 1659 590 diligentius
1676 503 1817 593 poterit.
1875 502 1957 575 Fuit
1972 503 2158 574 nobiscum
2175 528 2238 595 pa-

195 625 268 671 sese
291 613 461 690 spectaret
487 601 526 668 in
546 600 715 686 flumine,
748 601 853 671 etita
877 602 1011 670 fascino
1035 603 1193 694 periisse.
1245 613 1321 670 stor
1347 598 1526 671 Ecclesiae
1549 594 1796 690 Cosvicensis,
1829 607 2010 677 modestus
2041 620 2079 676 et
2107 609 2236 696 probus

195 698 340 794 Opinor
357 715 390 770 et
410 697 452 772 V
450 698 542 770 itum
560 701 615 769 sui
631 702 868 772 admiratione
882 703 1091 772 fascinatum
1110 727 1194 794 esse,
1244 701 1318 784 vir,
1348 703 1412 794 qui
1433 703 1501 788 ait,
1535 704 1605 774 nisi
1627 706 1778 775 accessio
1802 707 1923 801 aliqua
1944 712 1989 778 ad
2019 709 2235 799 stipendium

102 850 108 856 -
194 813 229 874 et
244 804 313 873 sibi
327 805 494 872 morbum
511 826 702 888 accersere3
726 805 821 897 quod
839 805 984 897 quidem
998 805 1192 898 aliquando
1243 803 1322 887 fiat,
1356 827 1419 872 nec
1442 827 1496 884 se,
1531 829 1596 874 nec
1618 807 1729 875 alium
1760 820 1956 897 pastorem,
1988 811 2096 880 etiam
2120 809 2237 898 fruga-

193 904 291 977 Deus
311 906 484 977 ostendet.
535 901 613 994 Ego
631 904 663 974 ei
686 929 751 975 nec
774 905 867 974 male
891 908 992 991 volo,
1019 908 1194 976 nec'laesi
1246 904 1333 984 lem,
1358 929 1458 996 posse
1475 906 1526 974 ibi
1542 930 1696 980 manere.
1747 905 1928 979 Hactenus
1942 934 1979 980 se
1994 911 2124 980 officiis
2138 936 2236 1003 prae-

195 1033 276 1079 eum
295 1007 368 1075 ulla
385 1007 423 1073 iu
441 1029 479 1075 re
494 1006 618 1078 sciens.
671 1004 750 1097 lpse
771 1031 827 1075 me
844 1009 966 1077 multis
982 1008 1099 1078 modis
1121 1010 1194 1077 lae-
1245 1007 1328 1076 lecti
1345 1007 1478 1076 mortui
1497 1008 1679 1078 interdum
1702 1008 1864 1080 adiutum
1879 1034 1963 1080 esse.
2013 1010 2108 1082 Cum
2123 1028 2234 1083 antem

197 1111 259 1192 sit,
284 1110 345 1176 sed
375 1103 509 1200 κωφὸν
531 1103 640 1200 βέλος
663 1103 803 1202 ἀνδρὸς
829 1102 1047 1194 ἀνάλκιδος,
1075 1111 1194 1203 inquit
1246 1107 1284 1174 iu
1317 1133 1358 1176 eo
1394 1109 1472 1177 loco
1508 1111 1614 1180 multi
1651 1111 1785 1180 suerint
1816 1108 2056 1182 Ecclesiastici
2093 1115 2233 1199 reditus,

196 1209 384 1280 Homerus.
436 1208 509 1278 Nec
532 1223 651 1278 tamen
678 1212 788 1300 magis
811 1213 973 1280 rabiosus
996 1213 1036 1280 in
1056 1237 1113 1279 me
1135 1212 1193 1279 in-
1245 1233 1373 1300 quaeso
1409 1225 1450 1279 ut
1481 1207 1522 1282 C.
1555 1209 1598 1279 V.
1634 1212 1765 1283 scribat
1800 1210 2043 1284 illustrissimo
2079 1215 2232 1308 Principi

196 1313 325 1395 currit,
352 1334 458 1403 quam
483 1311 544 1379 alii
569 1311 714 1403 quidam
736 1306 827 1379 mihi
850 1314 962 1401 magis
991 1313 1192 1396 familiares,
1251 1304 1518 1406 Wolsgungo,
1551 1325 1590 1381 ut
1624 1313 1708 1381 addi
1741 1315 1953 1384 mediocrem
1989 1319 2231 1398 accessionem,

196 1414 295 1483 nulla
327 1436 425 1480 ame
452 1412 583 1480 iniuria
606 1412 740 1485 affecti.
786 1411 856 1482 Sed
881 1415 982 1482 deleo
1007 1439 1048 1482 ex
1071 1415 1203 1495 animo,
1245 1435 1306 1478 seu
1333 1413 1503 1482 frumenti
1529 1427 1563 1482 et
1591 1414 1790 1503 lignorum,
1821 1439 1883 1486 seu
1906 1420 2098 1510 pecuniae,
2131 1432 2230 1492 curet.

195 1515 360 1585 funditus
387 1538 510 1582 omnes
539 1515 693 1603 privatas
723 1514 934 1596 simultates,
968 1540 1007 1583 ac
1039 1510 1206 1607 simplici'
1243 1511 1317 1583 Scit
1333 1511 1372 1587 C.
1390 1512 1432 1586 V.
1449 1516 1604 1604 potuisse
1621 1509 1689 1585 hoc
1712 1516 1788 1585 fieri
1813 1533 1915 1588 antea
1935 1521 2021 1589 satis
2041 1522 2231 1595 commode.

196 1617 314 1687 studio
338 1614 494 1707 quaesivi
516 1616 714 1684 doctrinam
729 1611 906 1686 Ecclesiae
924 1630 1097 1700 veterem,
1123 1642 1191 1709 pu·
1241 1611 1346 1683 Nunc
1363 1615 1492 1685 accidit
1508 1618 1602 1709 quod
1619 1618 1763 1698 dicitur,
1787 1611 1902 1713 Quod
1914 1645 1988 1690 non
2007 1618 2110 1690 tollit
2125 1610 2231 1690 Chri-

196 1743 292 1795 ram,
318 1717 474 1797 firmam,
497 1717 750 1807 incorruptam,
808 1716 855 1787 Et
877 1719 1041 1809 permitto
1067 1721 1111 1787 de
1132 1744 1189 1787 me
1242 1721 1342 1799 sluS,
1388 1711 1486 1783 lollii
1511 1712 1643 1809 fiscus.
1711 1717 1876 1790 Vidimus
1910 1723 2229 1814 sumptuosissimot

198 1819 370 1889 iudicium
397 1817 463 1886 toti
483 1814 660 1887 Ecclesiae
684 1832 718 1886 et
742 1820 909 1889 omnibus
932 1821 1001 1910 piis
1022 1833 1056 1888 et
1078 1822 1191 1888 doctis
1240 1816 1348 1885 fuisse
1374 1816 1557 1909 Principes
1589 1832 1728 1888 nostros
1759 1822 1799 1889 in
1827 1823 1933 1893 rebus
1961 1825 2170 1909 inutilibus,
2200 1839 2231 1896 et

196 1922 330 2013 ubique
355 1933 547 1987 terrarum:
575 1944 652 1989 sum
671 1916 1190 2006 etiamadhortatoromnibus,
1241 1919 1464 2009 parcissimos
1484 1922 1523 1988 in
1537 1918 1706 1990 Ecclesiis
1722 1934 1755 1991 et
1771 1924 1897 1993 studiis
1911 1926 2090 2000 fovendis.
2133 1925 2229 1996 Nunc

197 2037 238 2095 ut
261 2021 377 2091 studia
401 2020 675 2109 coniungamus‚
710 2040 750 2090 ut
775 2022 936 2092 doctrina
960 2023 1122 2091 salutaris
1145 2026 1190 2092 ad
1241 2021 1510 2090 commonefacti
1526 2047 1655 2112 poena,
1681 2024 1818 2092 utinam
1834 2025 1905 2094 sint
1918 2027 2143 2097 liberaliores
2158 2050 2230 2118 erga

196 2137 354 2216 posteros
370 2136 594 2212 propagetur.
648 2122 773 2191 Talem
794 2124 954 2193 animum
973 2137 1087 2193 statuo
1103 2150 1191 2194 con·
1241 2116 1447 2196 Ecclesiam.
1499 2121 1597 2192 Bene
1613 2124 1728 2193 valeat
1744 2122 1785 2198 C.
1799 2123 1844 2200 V.
1895 2127 1963 2197 Die
1981 2132 2045 2203 20.
2062 2127 2189 2203 Octob.

197 2227 319 2294 venire
340 2220 519 2292 Ecclesiae
543 2224 634 2301 civi,
671 2248 735 2293 nec
756 2249 812 2291 me
832 2241 1017 2315 propterea
1041 2225 1189 2296 eiectum

197 2350 270 2397 esse
286 2349 327 2395 ex
343 2320 500 2393 Ecclesia
519 2325 656 2408 iudico,
682 2326 817 2393 etiamsi
832 2327 1027 2395 maledictis
1043 2341 1104 2397 aut
1118 2329 1190 2396 ira-

197 2444 314 2501 torum
343 2438 406 2495 aut
428 2426 684 2494 malevolorum
713 2429 857 2498 obruor.
910 2418 1095 2518 Scriptum¹
1121 2441 1189 2497 est:

1240 2483 1302 2556 Νι.
1321 2479 1432 2556 3295.
2077 2507 2137 2566 21.
2155 2494 2218 2559 oet

196 2528 409 2600 maledicent
443 2526 516 2609 illi,
551 2541 585 2595 et
614 2524 710 2595 Deus
741 2529 942 2613 benedicet3
977 2530 1085 2622 idque
1113 2530 1188 2598 fieri
1227 2579 1419 2609 ,m
1654 2577 1666 2590 .
2059 2585 2222 2615 w

198 2628 368 2701 hactenus
390 2642 552 2718 expertus
575 2651 653 2697 sum
677 2642 710 2699 et
733 2627 809 2699 Deo
833 2631 960 2718 gratias
984 2654 1067 2719 ago,
1093 2633 1189 2724 quod

196 2757 275 2802 mea
293 2729 409 2799 studia
431 2731 540 2812 rexit,
571 2744 612 2799 ut
631 2730 751 2823 aliquo
774 2732 881 2800 modo
903 2734 1106 2823 prodessem
1133 2734 1190 2800 di·
1423 2743 1425 2746 ’
1540 2685 1591 2776 G·
1619 2688 1929 2776 Bllclliwlzem·

201 2835 378 2905 scentibus
400 2832 598 2900 doctrinam
619 2827 815 2914 Ecclesiae,
848 2846 881 2902 et
906 2834 993 2901 alias
1024 2830 1189 2903 honestas
1378 2862 1474 2917 mmm
1490 2863 1589 2936 [anag.
1608 2886 1634 2937 p.
1647 2868 1698 2924 376
1716 2888 1758 2940 aq.

200 2952 308 3018 artes,
336 2946 369 3001 et
393 2927 509 3001 adhuc
531 2956 616 3016 oro,
640 2947 680 3002 ut
696 2959 752 3004 me
774 2958 912 3025 semper
934 2936 1037 3004 faciat
1061 2941 1190 3014 σκεῦος

201 3034 339 3119 ἐλέους,
375 3058 439 3101 nec
462 3035 554 3103 sinat
578 3058 634 3101 me
659 3037 734 3104 fieri
760 3040 888 3115 (maog
915 3035 1038 3135 ὀργῆς,
1090 3036 1188 3106 Βρῃθ
1246 3011 1467 3087 [fenerando
1482 3019 1575 3105 viro,
1599 3032 1660 3096 etc.
1676 3021 1730 3097 D.
1756 3019 1959 3119 Georgia
1984 3021 2232 3099 Buchhol·

199 3140 288 3211 vale.
339 3132 538 3227 Epistulam
568 3128 657 3208 Viti
682 3151 717 3207 et
747 3134 899 3230 hymnos
930 3141 1090 3222 reuutt03
1127 3135 1191 3206 hos
1556 3146 1630 3192 W
1638 3149 1678 3207 0,
1705 3127 1916 3212 “mm-‘1¹⁰2

202 3243 276 3332 ipse
290 3239 450 3308 edliut'us
466 3261 581 3319 eram,
604 3239 664 3304 sed
683 3240 765 3331 qula
783 3241 910 3328 repetis
928 3241 1021 3309 misi.
1057 3239 1189 3309 ilerum
1242 3227 1289 3317 S.
1316 3248 1360 3319 D,
1419 3251 1630 3324 Veneranda
1672 3257 1745 3339 vir,
1792 3271 1827 3328 et
1867 3257 1978 3328 amice
2021 3256 2233 3335 charissime,

201 3344 290 3414 vale.
341 3337 408 3408 Die
425 3337 541 3408 Lucae
560 3336 668 3411 1545.
1244 3347 1414 3443 Exempla
1439 3355 1637 3425 carminum
1661 3358 1726 3426 filii
1737 3353 1764 3452 ¹)
1792 3359 1894 3428 vobis
1924 3361 2049 3431 mitto:
2084 3376 2175 3456 quae
2194 3363 2234 3431 li-

304 3457 463 3539 Suadeo,
486 3479 532 3523 ne
553 3456 668 3546 litiges
690 3483 768 3528 cum
789 3456 831 3528 V
828 3457 894 3542 ilo,
920 3461 979 3528 sed
1004 3460 1193 3550 abrumpas
1246 3452 1371 3522 benter
1388 3456 1445 3521 edi
1461 3458 1601 3541 curavi,
1626 3472 1667 3527 ut
1683 3454 1748 3529 hac
1771 3461 1972 3530 celebritate
1994 3463 2095 3533 filius
2112 3465 2235 3534 invita-

304 3573 415 3628 totam
446 3553 538 3626 hanc
564 3560 861 3651 disputationem,
884 3562 975 3652 ,quia
999 3560 1095 3630 Deus
1117 3586 1192 3629 eam
1245 3571 1360 3639 retur,
1385 3570 1425 3624 ut
1448 3552 1531 3625 haec
1559 3560 1674 3628 studia
1696 3574 1729 3631 et
1749 3563 1859 3650 magis
1880 3577 1990 3648 amet,
2016 3579 2054 3635 et
2071 3567 2234 3637 libentius

304 3660 524 3734 diiudicabit.
1247 3670 1413 3725 exerceat.
1464 3657 1603 3729 Deinde
1625 3663 1727 3729 vohis
1748 3662 1853 3732 etiam
1878 3665 2057 3754 voluptati
2081 3692 2157 3738 esse
2176 3669 2234 3735 lilii

1248 3758 1427 3841 indolem,
1461 3773 1495 3829 et
1518 3762 1648 3830 iudicia
1670 3764 1715 3830 de
1744 3787 1784 3831 eo
1807 3759 1999 3835 honorifica
2023 3769 2122 3838 volo.
2173 3768 2234 3841 Dei

1247 3859 1434 3943 beneficio,
1460 3885 1549 3929 vena
1571 3876 1623 3931 est
1644 3865 1727 3934 satis
1747 3865 1873 3934 foelix:
1897 3890 1936 3934 ac
1956 3869 2064 3938 valde
2086 3872 2234 3962 optarim

205 3977 397 4052 Nottttl.
1044 3993 1107 4054 20,
1123 3984 1194 4048 001,
1248 3961 1279 4028 ei
1314 3961 1466 4052 proponi
1499 3965 1681 4048 materias,
1716 3990 1805 4057 quae
1838 3968 2022 4056 gignerent
2055 3973 2235 4065 aliquanto

211 4077 382 4107 Μ
1052 4077 1181 4101 Μ
1246 4062 1452 4149 grandiores
1475 4088 1607 4132 versus.
1667 4061 1822 4137 Oremus
1847 4083 1963 4138 autem
1983 4069 2104 4142 Deum
2129 4090 2236 4144 aeter-

469 4176 654 4290 Georgjo
680 4174 940 4260 Αηῇαῑῇηοο
1247 4188 1332 4231 nurn
1352 4176 1485 4254 patrem
1501 4163 1648 4234 Domini
1671 4166 1784 4236 nostri
1800 4167 1878 4238 lesu
1893 4166 2047 4258 Christi,
2074 4179 2234 4245 eondito-

1216 4297 1220 4384 p
1247 4288 1320 4332 rem
1346 4266 1483 4354 generis
1504 4261 1672 4347 humani,
1698 4285 1732 4338 et
1750 4269 1927 4340 Ecclesiae
1949 4297 2054 4359 suae,
2080 4292 2122 4348 nt
2144 4290 2235 4368 regat

275 4363 361 4482 Eepfl·
388 4361 418 4413 ³¹¹
443 4361 489 4442 tjb.
511 4359 546 4415 ¹¹·
570 4376 596 4428 P·
617 4358 677 4412 ²²²·
704 4357 784 4423 (edit.
808 4359 898 4439 ¹5⁰⁰&
923 4359 957 4412 ¹¹·
982 4376 1025 4428 εΡ·
1048 4357 1136 4422 ²¹5·l·
1152 4390 1195 4438 .··
1246 4365 1439 4434 multorum
1458 4367 1611 4456 ingenia,
1637 4383 1676 4438 ut
1692 4371 1777 4438 liam
1795 4369 1969 4471 συνεργοὶ
1983 4374 2083 4448 θεοῦ
2089 4430 2102 4462 ,
2131 4393 2233 4449 etor-

336 4449 388 4484 anc
417 4428 557 4499 epistolam
582 4447 654 4480 auno
682 4427 756 4480 1⁵46.
780 4437 907 4496 scriptam
934 4446 990 4480 esse
1014 4429 1093 4479 docet
1117 4435 1194 4495 epist.

308 4498 418 4551 Lethen
445 4497 477 4549 ,d
504 4496 729 4550 humbnfflm
754 4499 782 4548 d,
801 4499 841 4549 19.
863 4495 927 4548 00,
950 4496 976 4550 g,
1000 4515 1023 4548 Β,
1050 4495 1135 4567 (apud
1161 4495 1194 4546 a.
1246 4489 1334 4555 gana
1353 4469 1519 4537 salutaria
1536 4467 1724 4544 Ecclesiae.
1774 4470 1901 4542 Nescio
1921 4478 2016 4545 unde
2034 4479 2084 4548 sit
2100 4495 2232 4551 tantum

263 4611 266 4615 .
306 4567 403 4622 Weu.
422 4565 456 4618 T·
475 4566 506 4619 V·
523 4583 549 4635 p.
564 4565 649 4629 ⁷⁶²·t·
1245 4567 1368 4638 ndium
1390 4571 1558 4639 adversos
1581 4595 1637 4640 me
1656 4572 1694 4639 in
1714 4575 1890 4643 veteribus
1907 4577 2127 4669 quibusdam
2152 4583 2229 4654 ami-

1245 4670 1294 4739 cis
1306 4665 1351 4764 ²),
1382 4694 1461 4738 cum
1478 4671 1545 4761 ipsi
1566 4672 1679 4743 sciant
1693 4675 1831 4744 nullum
1849 4700 1983 4746 novum
2000 4682 2134 4770 dogma
2150 4706 2230 4754 arne

182 4826 185 4832 r
1244 4772 1401 4859 genitum
1426 4795 1516 4860 esse,
1552 4787 1586 4842 et
1612 4774 1650 4841 in
1676 4777 1888 4867 quibusdam
1906 4770 2090 4852 'mediocri
2119 4786 2230 4857 studio

159 4877 162 4890 ·
201 4842 252 4932 S.
270 4856 314 4931 D.
367 4855 605 4926 lllustrissiure
630 4868 664 4923 et
684 4853 992 4925 Reverendissime
1014 4851 1194 4943 Princeps,
1214 4900 1218 4963 Ι
1244 4875 1436 4963 quaesitam
1462 4897 1533 4942 esse
1555 4899 1672 4942 veram
1696 4892 1729 4948 et
1749 4878 1930 4969 propriam
1945 4885 2230 4973 explicationem:

205 4960 260 5030 De
279 4960 417 5051 publica
436 4959 658 5026 absolutione
681 4956 846 5025 collocuti
863 4979 983 5023 sumus
998 4952 1043 5027 D.
1059 4952 1193 5025 Doctor
1212 4966 1217 5121 p*
1242 4998 1348 5065 quam
1372 4975 1435 5044 diu
1459 4976 1562 5043 eptam
1585 4970 1640 5044 his
1657 4973 1826 5050 Ecclesiis
1839 4983 1883 5049 ad
1906 4988 2138 5058 concordiam
2155 5013 2232 5083 pm·

208 5056 411 5154 Gwfflusa
442 5071 573 5148 11980·
624 5056 678 5128 Ac
704 5058 826 5126 Uillius
851 5057 966 5125 Vl⁸¹¹¹¹¹
990 5069 1056 5138 esis
1090 5080 1190 5146 saepe
1240 5075 1348 5144 fuisse
1377 5090 1653 5147 consentaneum
1685 5093 1748 5150 est.
1806 5081 1877 5153 Sed
1898 5081 2102 5158 Ecclesiam
2127 5104 2160 5162 et
2182 5114 2232 5160 me

207 5159 341 5232 hortari
357 5162 551 5241 auditores,
577 5175 616 5229 ut
637 5160 809 5250 privatam
826 5171 957 5250 petant.
1010 5156 1188 5247 Scriptum

205 5278 256 5333 est
278 5264 393 5345 enim,
418 5257 465 5328 Si
490 5269 599 5356 petet,
626 5259 762 5328 remitte
784 5258 826 5332 ei.
886 5258 937 5328 Ac
956 5252 1188 5350 Noribargae
1240 5273 1446 5287 ‘W'-

204 5365 360 5435 vidimus
386 5363 601 5452 exemplum3
635 5364 818 5452 pauciores
850 5373 974 5451 petunt
1001 5361 1186 5450 privatam,
1276 5387 1300 5453 1)
1320 5386 1403 5439 Noae
1420 5389 1616 5444 ammam

209 3864 306 3875 ffl-m-
319 3864 337 3869 -ι-
344 3863 379 3870 --ω
387 3864 394 3870 -
405 3865 434 3871 ...-
447 3866 454 3871 .
462 3864 1182 3874 -...—....⁴.—........-·-------—-.-....---—-0.-.-----

344 4716 397 4790 D.
420 4681 626 4812 ¹Georgio
654 4711 824 4812 Principi
846 4715 885 4784 in
912 4711 1045 4784 Anhal
1091 4771 1105 4795 ,

79 5513 93 5547 „
204 5491 285 5536 cum
302 5464 467 5535 recitetur
479 5464 631 5556 publica.
681 5462 752 5534 Sed
768 5464 812 5531 de
834 5457 900 5530 hac
915 5474 988 5531 tota
1003 5486 1041 5530 re
1058 5461 1186 5530 iterum
1272 5487 1300 5555 2)
1321 5486 1428 5543 talento.
