4882 6426
191 345 268 426 aas
772 330 1207 411 nrtsrotatsuu
1256 331 1454 411 mnus
1506 330 1639 417 sess.
2156 339 2232 419 sot

111 531 121 549 ,
194 537 318 603 mus,
341 508 436 584 banc
449 507 743 602 significationem
765 508 836 578 mei
851 531 931 600 erga
944 521 980 579 te
995 505 1109 578 animi
1122 503 1189 579 tibi
1236 529 1334 576 mum
1352 506 1505 599 excepit,
1529 507 1727 595 consulere,
1747 510 1793 582 ad
1807 508 1965 604 Regulos
1978 509 2057 583 eius
2070 510 2234 602 regionis,

196 645 273 695 non
299 619 474 708 ingratam
500 615 588 684 fore.
655 607 781 706 ltaque
806 605 875 682 hoc
900 611 979 703 ipso
1006 622 1130 681 autore
1156 619 1191 678 et
1236 608 1433 700 expatiatus
1455 622 1525 695 est,
1548 611 1611 680 sed
1634 610 1753 683 alieno
1777 627 1954 708 tempore,
1984 638 2071 686 cum
2091 613 2160 685 iam
2176 614 2236 686 1111

140 748 151 765 ²
198 743 369 818 sponsore
389 719 433 788 de
450 716 635 787 voluntate
650 727 731 796 tua,
755 735 862 784 ausus
882 737 962 784 sum
983 713 1029 782 ad
1045 725 1081 783 te
1103 710 1191 780 scri·
1236 710 1282 780 ad
1297 723 1408 782 castra
1429 726 1674 804 properarent.
1725 710 1789 785 Mc
1809 738 1929 788 secum
1948 715 2122 803 abduxit,
2144 728 2235 788 mm-

197 830 301 909 bere,
327 845 367 892 ac
384 818 488 889 valde
510 832 544 890 te
567 841 652 900 oro,
676 829 717 886 ut
738 816 1019 910 qualemcunque
1035 837 1191 885 comme·
1236 812 1301 882 etsi
1325 813 1371 883 ad
1396 827 1429 884 te
1454 813 1631 906 proficisci
1653 816 1861 894 malueram.
1911 816 1985 890 Nec
1999 819 2163 912 profecto
2178 842 2234 891 me

196 925 434 1001 morationem
453 920 524 990 mei
545 918 656 990 studii
673 932 708 989 et
723 918 854 988 amoris
877 940 958 1007 erga
982 931 1016 987 te
1036 917 1075 984 in
1097 915 1191 1007 opti·
1235 914 1463 986 deterruisset
1481 917 1646 1007 cogitatio
1663 917 1898 992 mirificorum
1920 943 2131 992 sermonum
2146 919 2234 991 civi.

196 1054 293 1103 marn
314 1037 450 1119 partem
467 1020 639 1112 accipias,
658 1034 692 1090 et
712 1044 769 1089 me
792 1019 847 1091 tui
864 1020 1064 1091 studiosum
1084 1017 1191 1086 vicis-
1236 1016 1318 1086 tatis
1333 1029 1487 1103 vestrae,
1509 1042 1599 1112 quae
1615 1013 1684 1089 hoc
1700 1033 1858 1114 tempore
1879 1023 1978 1094 varia
1999 1024 2171 1114 po'e'mata
2191 1024 2233 1095 de

196 1135 264 1206 sim
278 1123 525 1201 benevolentia
541 1136 603 1193 tua
620 1123 863 1213 complectare.
914 1119 1111 1215 Reliquum
1128 1132 1191 1203 est,
1235 1117 1330 1188 bello
1347 1112 1546 1213 Lycaonio
1561 1121 1861 1201 comminiscetur.
1895 1123 2097 1198 Subiissem
2113 1125 2233 1196 vultur

198 1250 239 1309 nt
262 1232 329 1305 tibi
351 1223 539 1297 Halonem
560 1225 824 1309 commendem,
849 1248 918 1318 qua
941 1224 1053 1316 gratia
1075 1222 1190 1313 ipsea
1235 1225 1314 1293 τῶν
1331 1214 1633 1317 ἐπιχαιρεκακίαν.
1683 1221 1767 1295 Non
1780 1225 1876 1296 enim
1890 1250 1989 1299 nunc
2004 1226 2234 1298 dimicabunt

86 1325 88 1331 ’
196 1362 253 1410 me
267 1335 389 1405 literas
404 1327 586 1419 flagitavit.
637 1324 708 1397 Sed
725 1317 787 1416 ego
804 1325 939 1417 priores
953 1338 1069 1418 partes
1084 1346 1191 1409 meas,
1235 1324 1279 1392 de
1301 1322 1374 1392 illis
1387 1322 1577 1418 Lycaoniis
1600 1325 1755 1413 exuviis,
1778 1327 1843 1399 sed
1863 1324 1949 1426 περὶ
1969 1321 2233 1411 καταπόσεως

195 1455 237 1515 nt
253 1461 318 1531 per
332 1430 429 1505 hunc
445 1432 635 1523 ipsumme
650 1428 716 1498 tibi
737 1429 855 1520 potius
870 1426 1111 1497 commendari
1126 1450 1192 1494 vo·
1235 1419 1395 1498 ἁπασῶν
1415 1424 1637 1519 ἐκκλησιῶν,
1665 1426 1704 1497 in
1726 1428 1858 1522 quibus
1877 1444 2063 1526 utcunque
2087 1430 2232 1503 eluctari

198 1538 339 1614 luerim.
389 1533 480 1607 Nam
511 1533 556 1601 de
580 1530 658 1621 ipso
684 1529 806 1599 minus
833 1524 925 1599 mihi
953 1528 1190 1599 laborandum
1237 1526 1329 1618 cepit
1345 1551 1387 1597 ex
1401 1527 1609 1599 densissima
1622 1529 1775 1621 caligine
1794 1533 1944 1620 veritas,
1969 1530 2017 1606 σύ
2038 1529 2127 1629 περὶ
2146 1530 2230 1607 ὄνου

200 1667 274 1716 esse
290 1640 452 1721 videtur,
477 1658 517 1703 ac
534 1655 581 1701 ne
599 1656 689 1723 opus
706 1632 799 1724 apud
822 1644 858 1701 te
882 1631 1027 1724 quidem
1047 1653 1191 1699 accura-
1237 1632 1358 1714 σκιᾶς,
1394 1623 1487 1700 ἀλλὰ
1509 1625 1680 1727 περὶτῆς
1708 1626 1953 1717 διδασκαλίας
1973 1628 2231 1730 παλαισιάτης,

196 1748 288 1822 tiore
312 1736 620 1812 commendatione
644 1757 728 1803 esse.
786 1732 858 1805 Sed
882 1745 998 1803 tamen
1022 1732 1105 1826 quia
1123 1731 1190 1801 ali·
1237 1728 1278 1802 ἐν
1292 1719 1317 1824 ᾗ
1337 1726 1461 1812 driade
1475 1728 1712 1830 ἐφανέρωσεν
1729 1728 1850 1809 αὑτοῦ
1873 1732 2057 1832 &rimor
2075 1730 2230 1838 γνώμην

197 1848 295 1945 quod
317 1838 561 1916 testimonium
583 1835 675 1906 vitae
696 1829 756 1905 hic
777 1849 874 1906 actae
902 1835 1042 1905 auferre
1065 1832 1191 1917 voluit,
1236 1829 1320 1928 περὶ
1336 1828 1521 1930 σωτηρίας
1535 1827 1765 1931 ἀνθρώπω,
1817 1836 1950 1934 Meque
1966 1854 2135 1912 sustento
2150 1863 2231 1911 mn,

196 1948 267 2024 boc
283 1946 353 2038 ipsi
368 1955 409 2014 ut
426 1938 622 2011 honorifice
638 1941 753 2018 detur,
777 1935 890 2009 virtus
905 1932 1063 2006 hominis
1076 1959 1190 2004 mere·
1237 1934 1383 2006 scientia
1397 1936 1553 2028 optimae
1574 1938 1789 2025 voluntatis,
1815 1941 2022 2037 quicunque
2038 1955 2150 2018 erunt
2164 1941 2233 2012 exi-

198 2068 271 2126 tur.
308 2046 424 2120 Erant
438 2038 507 2112 hoc
520 2040 657 2134 prolixe
672 2038 916 2109 confirmaturi
933 2039 1004 2108 suis
1019 2037 1131 2107 literis
1145 2038 1187 2106 ad
1237 2049 1307 2107 tus.
1359 2036 1471 2129 Spero
1487 2051 1604 2109 autem
1619 2052 1654 2110 et
1670 2040 1784 2111 exitus
1800 2065 1899 2113 nunc
1914 2044 2065 2138 quidem
2090 2068 2166 2114 non
2185 2055 2232 2114 ts.

196 2171 232 2229 te
246 2150 293 2225 D.
309 2146 444 2220 Ductor
457 2136 648 2212 lutherus
671 2155 707 2212 et
720 2134 921 2237 Philippus
938 2130 1189 2223 Melanthon3
1236 2151 1312 2208 tros
1326 2138 1414 2213 fore.
1454 2137 1509 2210 De
1525 2133 1583 2210 his
1597 2141 1704 2212 rebus
1717 2143 1876 2238 colloqui
1889 2158 2006 2216 tecum
2023 2170 2149 2217 coram
2161 2169 2234 2215 m.

196 2258 258 2329 sed
287 2275 369 2322 casu
393 2247 539 2328 accidit,
564 2257 606 2313 ut
629 2269 726 2314 nuno
748 2257 930 2333 cogeretur
953 2244 1022 2312 iter
1050 2241 1191 2330 ingredi
1236 2238 1313 2314 lim,
1363 2237 1488 2332 Nuper
1509 2265 1589 2312 cum
1612 2243 1769 2330 adesses,
1792 2246 1926 2318 oblitus
1949 2271 2032 2318 sum
2057 2247 2131 2319 tibi
2156 2249 2234 2318 dare

197 2358 269 2428 illis
294 2351 514 2433 absentibus,
547 2370 626 2415 cum
650 2368 722 2415 una
745 2358 860 2415 essent
881 2345 926 2414 ad
954 2344 1093 2437 aliquot
1115 2343 1190 2412 dies
1236 2340 1315 2411 auri
1330 2341 1412 2432 puri
1426 2366 1577 2414 massam
1593 2358 1734 2427 natam,
1760 2369 1834 2417 non
1849 2362 2006 2434 coctam,
2031 2363 2078 2420 ut
2093 2352 2234 2420 fortasse

197 2455 390 2550 exspatiati.
442 2450 513 2522 Sed
535 2449 579 2517 de
605 2448 750 2517 illorum
776 2445 908 2515 iudicio
931 2445 1075 2517 interim
1098 2439 1189 2512 mibi
1211 2422 1217 2545 Ι
1237 2457 1371 2513 veteres
1386 2440 1564 2541 ἄπεφθον
1580 2444 1760 2532 dixerunt,
1785 2473 1866 2519 cum
1882 2451 2028 2545 quidem
2050 2455 2140 2522 dare
2154 2475 2233 2521 con·

195 2560 300 2643 testi,
321 2567 362 2627 ut
385 2577 509 2647 spero,
536 2552 675 2634 credes,
700 2573 738 2619 ac
753 2544 940 2618 Halouem
955 2561 1189 2618 revertentem
1236 2545 1448 2633 stituissem,
1469 2549 1530 2616 sed
1548 2548 1602 2619 tui
1617 2548 1777 2640 ineptus,
1802 2573 1867 2642 pro
1885 2577 1974 2623 auro
2001 2553 2125 2624 silices
2147 2553 2233 2639 dedi,

197 2667 246 2736 ita
261 2659 429 2749 recipies,
454 2667 495 2726 ut
510 2653 575 2746 qui
590 2676 666 2721 eam
682 2651 1028 2721 commendationem
1042 2648 1189 2718 eximiae
1237 2670 1278 2715 ex
1312 2648 1411 2741 quib.
1445 2649 1539 2739 ignis
1573 2651 1770 2726 excuditur,
1819 2650 1926 2737 Nune
1957 2640 2232 2750 Lysimachum

195 2761 386 2860 probitatis
419 2782 459 2828 ac
493 2755 624 2840 studii,
656 2752 857 2834 doctrinae,
890 2752 1047 2845 pietatis,
1082 2774 1188 2845 quam
1236 2749 1355 2835 mitto,
1381 2749 1418 2818 in
1433 2776 1505 2844 quo
1523 2748 1660 2822 Graeca
1674 2765 1726 2823 est
1739 2752 1944 2847 inscriptio,
1970 2758 2136 2829 delector
2149 2758 2232 2828 omi.

121 2943 126 2956 ,
195 2869 300 2938 istinc
316 2866 360 2934 ad
377 2883 443 2931 nos
464 2857 602 2941 attulit,
626 2881 701 2926 non
714 2854 884 2924 mediocri
906 2854 1103 2925 accessione
1125 2876 1190 2922 au·
1235 2875 1300 2936 ne,
1325 2876 1405 2921 curn
1423 2846 1490 2922 hoc
1511 2865 1669 2946 tempore
1684 2848 1894 2949 λυσιμᾶχσυ
1910 2853 2129 2952 μακεδόνσς
2149 2860 2230 2931 ims-

196 2970 298 3042 rerit.
352 2960 567 3036 Audivimus
592 2954 776 3028 bominem
806 2969 866 3027 tua
891 2957 991 3026 inse
1018 2953 1187 3025 beneficia
1235 2975 1279 3042 go
1295 2947 1385 3022 mihi
1401 2955 1521 3026 oblata
1537 2967 1599 3048 est.
1649 2953 1749 3027 Bene
1761 2959 1850 3046 vale,
1877 2959 1921 3035 V.
1930 2958 2019 3034 Id'us
2038 2958 2192 3037 Octobr,

195 3095 299 3164 saepe
312 3061 570 3161 perhonorifice
585 3074 621 3132 et
637 3084 717 3131 eum
733 3058 868 3151 prolixa
884 3059 1064 3129 mentione
1079 3056 1189 3147 grati·
1896 3074 1994 3155 Phil·
2005 3075 2191 3153 Melam

195 3172 332 3248 tudinis
349 3176 696 3239 commemorantem.
747 3160 867 3250 Quare
883 3184 956 3231 non
973 3159 1189 3243 dubitamus,
1854 3154 1858 3161 ’

197 3301 278 3349 eum
296 3294 405 3370 porro
424 3269 529 3338 etiam
552 3291 617 3358 pro
634 3265 704 3334 tuis
720 3287 800 3354 erga
827 3262 944 3354 ipsum
960 3262 1096 3331 meritis
1114 3284 1188 3328 me-

196 3400 333 3448 morem
346 3386 380 3442 et
396 3384 534 3460 gratum
549 3370 636 3453 fore,
659 3389 846 3458 precamur
859 3379 977 3435 autem
991 3362 1108 3433 Deum
1123 3386 1189 3453 pa-

196 3494 287 3552 trem
307 3474 444 3547 domini
460 3471 575 3542 nostri
589 3467 669 3539 lesu
684 3462 839 3551 Christi,
864 3479 906 3537 ut
924 3480 958 3536 et
976 3478 1008 3535 te
1027 3466 1073 3534 ad
1088 3463 1188 3535 utili·
1234 3431 1431 3559 Q·
1877 3540 1879 3545 Ι
2062 3450 2231 3574 Q

194 3596 304 3653 tatem
318 3575 497 3649 Ecclesiae
512 3595 596 3643 suae
617 3583 732 3639 servet
748 3569 985 3651 ineolumem,
1007 3582 1041 3637 et
1056 3579 1188 3636 vestras
1692 3624 1700 3641 ,

195 3681 372 3755 Ecclesias
385 3689 481 3767 regat
496 3699 536 3745 ac
548 3687 704 3744 tueatur:
731 3673 801 3756 ita,
827 3685 867 3743 ut
881 3669 1036 3741 vicissim
1052 3692 1072 3738 a
1086 3668 1188 3741 vohis
1638 3619 1807 3706 Eldem·

196 3799 278 3855 vota
296 3807 361 3875 pro
383 3780 488 3849 nobis
502 3776 579 3846 fieri
595 3774 735 3847 scimus.
786 3771 885 3844 Bene
907 3773 997 3841 vale.
1047 3769 1190 3841 Witte-
1305 3775 1391 3850 Epist
1404 3775 1438 3832 ιὰ
1451 3775 1594 3834 canon.
1606 3795 1635 3851 p.
1647 3776 1698 3834 581
1711 3797 1753 3851 aq.
1768 3779 1825 3850 (et.
1836 3778 1924 3839 tout.
1939 3779 1990 3837 tv.
2011 3803 2057 3858 ep.
2070 3786 2162 3856 sao),

196 3891 324 3977 bergae
339 3882 398 3953 die
413 3934 423 3956 .
439 3932 447 3951 .
464 3934 474 3954 .
489 3932 500 3955 .
518 3874 688 3949 Octobris
706 3872 816 3950 1545.
859 3870 864 3880 ’

810 3973 944 4068 Caspar
958 3971 1138 4065 Crucigcr.

1236 3925 1395 4007 Clarias.
1407 3931 1485 4005 siro
1493 3942 1525 4005 et
1534 3931 1727 4007 excellenti
1735 3933 1867 4010 virtute
1875 3947 1908 4010 ct
1917 3936 2133 4017 eruditione
2139 3968 2237 4045 prot-

1264 4031 1342 4106 dito
1363 4030 1511 4107 Ioach
1523 4034 1612 4108 imo
1630 4028 1695 4111 Ca
1704 4064 1752 4113 m.
1765 4033 1859 4118 Pub.
1872 4042 2077 4118 amieosuo
2089 4050 2219 4124 carm.

199 4192 734 4213 ------——----*
951 4264 955 4273 ι
1238 4149 1284 4239 S.
1307 4169 1353 4245 D.
1399 4166 1498 4247 Οὐδὲ
1518 4169 1667 4269 θερμὸν
1687 4171 1793 4274 ὕδωρ
1816 4173 1973 4254 τοσόνδε
1994 4179 2127 4280 τεύχει
2149 4194 2236 4282 poi·

265 4311 570 4418 (Melanthon
598 4307 719 4386 mm
753 4305 1130 4406 meergamo)
1240 4269 1346 4400 daed
1359 4277 1462 4396 γυῖα,
1479 4273 1580 4396 ,κατὰ
1596 4271 1809 4375 Πίνδαρον,
1832 4277 1883 4363 ὣς
1896 4276 1991 4367 δόξα
2005 4291 2114 4361 ποιεῖ
2126 4285 2235 4366 πόνον

1240 4372 1350 4472 prov.
1402 4378 1462 4450 Src
1477 4380 1550 4453 slle.
1600 4375 1678 4469 Ego
1695 4405 1798 4469 vero,
1824 4384 1889 4454 etsi
1904 4387 2032 4460 multis
2048 4395 2169 4465 saevis
2182 4420 2235 4467 eu·

1242 4481 1291 4548 ris
1305 4480 1503 4566 excrucior,
1526 4493 1644 4550 tamen
1664 4484 1869 4555 suavissime
1890 4490 2086 4583 acquiesco
2101 4494 2234 4569 cumin

657 4643 662 4651 ,
1121 4647 1152 4712 Ο
1242 4584 1465 4655 sermonibus
1486 4583 1556 4654 tuis
1574 4597 1608 4654 et
1626 4587 1883 4659 consuetudine
1904 4601 1984 4673 tua,
2008 4599 2157 4688 quoties
2171 4621 2233 4671 unt

211 4655 277 4729 No.
296 4653 409 4727 5285.
1023 4657 1195 4767 Q
1241 4708 1382 4770 sumus,
1407 4698 1485 4755 tum
1504 4709 1589 4755 vero
1610 4686 1717 4756 etiam
1733 4687 1772 4758 in
1793 4690 2009 4781 cogitatione
2024 4710 2116 4771 tuae
2132 4702 2235 4775 virtu-

472 4822 622 4909 Joach·
656 4816 915 4906 camerario·
1241 4786 1311 4906 tis,
1332 4787 1435 4906 fidei,
1459 4799 1493 4857 et
1514 4787 1736 4879 prudentiae
1784 4788 1858 4862 Nec
1881 4788 1974 4864 mibi
1998 4812 2149 4898 tantum
2170 4805 2234 4899 pri.

1241 4901 1350 4959 vatun
1365 4902 1557 4961 amicitiam
1572 4902 1669 4959 tuam
1685 4893 1855 4981 gratulor,
1874 4897 1935 4966 sed
1948 4894 2061 4995 Reip.
2077 4909 2235 4997 pmdgg„

266 5010 353 5085 Epio.
371 5008 405 5064 at
424 5007 563 5062 Gamerae.
581 5023 608 5078 p.
622 5001 682 5057 ssu.
701 5000 758 5071 (et.
776 5001 863 5058 tend.
884 5000 932 5055 tv,
952 5017 997 5074 ep.
1010 4999 1094 5069 672).
1242 4989 1425 5081 ingenium
1440 5005 1554 5077 tuum,
1579 5005 1615 5062 et
1626 5008 1844 5085 perspectam
1858 5020 1897 5068 ac
1913 5002 2110 5090 probatam
2126 5010 2234 5080 omni·

1189 5158 1197 5178 ,
1239 5094 1308 5164 bus
1329 5093 1567 5184 integritatem
1581 5107 1680 5165 tuam
1698 5098 1845 5186 gaudeo.
1895 5096 2016 5172 Deum
2038 5106 2156 5199 igitur
2168 5136 2234 5196 oro,

199 5165 427 5246 Clarissimo
443 5163 540 5250 viro,
562 5156 814 5234 eruditionem
834 5156 963 5229 virtute
984 5166 1194 5279 praestante
1239 5209 1280 5265 m
1302 5210 1336 5268 te
1357 5208 1472 5266 servet
1496 5210 1531 5268 et
1551 5196 1734 5287 gubernet,
1784 5195 1881 5272 Hm
1902 5200 2067 5280 gregim
2085 5238 2233 5284 comme,

240 5271 267 5345 1
275 5264 489 5345 oachimo
514 5260 635 5339 Cam·
662 5259 701 5335 P
696 5260 757 5333 ab·
782 5260 901 5332 “mim
926 5284 995 5332 ⁸⁸⁴⁰
1021 5286 1148 5337 ΨΜ·
1239 5299 1410 5369 moranda
1435 5321 1509 5369 esse
1530 5299 1633 5385 duri,
1658 5313 1698 5371 ut
1723 5304 1975 5393 responderem
2000 5311 2048 5381 ad
2076 5315 2234 5388 dulcissi-

197 5391 240 5486 S.
262 5408 308 5484 D.
359 5397 551 5477 botherus
582 5416 616 5473 et
647 5402 691 5471 ab
717 5399 839 5469 amicis
867 5410 1030 5488 rogatus,
1065 5412 1100 5470 et
1129 5422 1192 5469 sua
1240 5424 1334 5470 mam
1356 5399 1541 5493 epistolam
1563 5413 1680 5487 tuam,
1706 5400 1836 5498 inqua
1858 5430 1977 5501 nuper
1997 5436 2084 5486 cum
2111 5418 2232 5491 illustri

189 5526 324 5612 *sponte
339 5509 486 5603 cupiens
503 5529 586 5578 suae
608 5503 760 5597 patriae,
786 5525 876 5595 quae
897 5514 1099 5573 nascentem
1117 5502 1193 5595 pri·
1240 5501 1495 5594 significatione
1515 5504 1784 5577 benevolentiae
1807 5521 1907 5597 tuae,
1932 5531 2087 5607 questus
2108 5547 2166 5610 es,
2183 5543 2230 5592 me
