4868 6420
176 299 347 421 ¹tsr‘
776 323 1665 442 nrrsronaauunrs.1x.1⁶44.
1880 320 1883 332 ’
2031 303 2038 316 ’
2164 324 2248 399 ase

213 497 405 565 coercenda
428 497 622 569 iuventutis
654 499 843 589 petulantia
879 499 1095 589 gravissime.
1152 495 1202 568 Et
1253 491 1479 571 enarraturus
1502 510 1555 566 est
1579 511 1612 566 et
1636 500 1801 588 exenrplis
1825 499 2075 570 illustraturus.
2132 495 2242 567 Prae-

212 596 353 667 atlditae
384 613 468 669 sunt
500 595 687 670 Ambrosii
718 605 910 671 sententiae
945 598 1200 684 memorabiles,
1251 599 1346 694 leget¹
1358 612 1473 667 autern
1497 594 1584 668 hora
1601 601 1821 671 duodecima.
1873 598 1968 670 Utile
1985 614 2055 683 est,
2081 592 2254 668 luminis·

212 710 382 791 tanquam
397 701 604 771 auctarium.
644 702 763 790 Quare
780 704 845 772 tibi
860 717 893 772 et
910 698 1023 772 haheo
1039 703 1199 791 gratiam,
1251 700 1356 788 periti
1372 715 1405 769 et
1424 700 1566 769 artificis
1585 700 1796 769 celeritatem
1813 713 1848 770 et
1863 702 2102 770 dexteritatem
2119 700 2238 769 videre

213 814 248 870 et
262 801 408 870 referam
426 798 543 874 αὐτοῦ
558 807 614 898 τῷ
627 801 769 897 μέτρῳ,
792 805 944 873 vicissim
961 805 1094 896 aliquid
1112 802 1198 871 scri·
1250 816 1284 868 et
1305 802 1537 874 considerare.
1591 804 1727 870 Arrrere
1754 802 2238 872 enimetatliuvarediscen·

189 913 354 993 ³ptorum
378 902 534 987 mittam,
559 928 638 973 cum
659 901 867 974 habebimus
885 908 1074 988 editiones,
1103 919 1197 996 'quas
1248 915 1300 974 tes
1316 915 1443 992 potest:
1468 926 1531 970 nec
1547 903 1726 993 poenitere
1742 902 1846 973 debet
1862 902 2038 972 studiosos
2053 903 2187 972 laboris
2203 916 2237 974 et

212 1002 412 1071 arbitrabor
433 1004 500 1073 tibi
521 995 694 1095 voluptati
718 1010 804 1080 sore.
855 1005 908 1074 De
923 1007 1121 1076 Iuventutis
1137 1030 1197 1095 pe·
1249 1003 1451 1091 diligentiae
1466 1003 1503 1099 in
1520 998 1753 1076 arithmetica.
1803 1003 1935 1093 Magna
1953 1005 2029 1072 laus
2045 1018 2096 1073 est
2113 1018 2148 1072 ct
2161 1029 2236 1073 ma·

212 1102 380 1188 tulantia,
405 1120 439 1175 et
462 1107 563 1174 viciis
577 1104 745 1198 Reipubl.
768 1131 841 1176 non
864 1109 1008 1199 quidem
1030 1108 1196 1177 amitten·
1248 1126 1315 1192 gua
1339 1104 1491 1188 utilitas,
1516 1099 1608 1172 hanc
1624 1119 1732 1174 artem
1750 1117 1889 1186 tenere,
1916 1128 2005 1198 quae
2026 1119 2060 1174 et
2083 1106 2119 1173 in
2137 1105 2236 1175 omni

212 1206 277 1273 dae
300 1217 383 1274 sunt
403 1208 583 1298 querelae,
615 1211 675 1277 sed
698 1209 802 1277 dolor
830 1211 940 1277 animi
959 1208 1197 1278 moderandus
1247 1207 1318 1273 vita
1335 1220 1405 1274 tam
1421 1229 1585 1294 magnum
1600 1230 1702 1274 usum
1719 1201 1841 1290 habet,
1866 1219 1900 1275 et
1916 1206 2051 1277 aditum
2075 1208 2236 1298 patefacit

212 1319 273 1375 est.
299 1305 339 1375 Si
353 1308 879 1379 adiuvarenturconcionatores
895 1325 929 1379 et
944 1314 1196 1400 gubernatores
1247 1309 1292 1374 ad
1318 1306 1516 1375 doctrinam
1549 1307 1592 1374 de
1624 1308 1779 1375 motibus
1802 1308 2023 1377 coelestibus.
2077 1307 2234 1376 Tantum

210 1402 410 1477 scholarum
433 1406 713 1501 aPrincipibus,
738 1411 870 1494 frenari
888 1408 1054 1481 laventus
1070 1410 1196 1478 melius
1247 1409 1540 1503 impedimentum
1574 1421 1625 1477 est
1665 1431 1892 1500 progressuro
1931 1409 1970 1477 in
2004 1401 2239 1501 Philosophia

209 1521 358 1600 posset·
387 1506 458 1578 Sed
476 1532 576 1600 saepe
592 1512 701 1596 sensi,
727 1512 900 1602 voluptati
924 1536 996 1581 esse
1016 1513 1106 1580 aulis
1130 1507 1196 1579 hor
1247 1508 1409 1597 ignorare
1434 1505 1712 1593 arithmeticam,
1738 1524 1910 1602 quantum
1941 1509 2236 1600 impedimentum

210 1609 467 1698 spectaculum,
491 1634 571 1679 cum
586 1613 709 1682 vident
734 1621 816 1694 nos,
844 1627 1009 1707 tanquam
1033 1614 1194 1680 inareua
1248 1626 1298 1680 est
1320 1612 1466 1680 coecitas
1485 1611 1553 1679 iter
1576 1634 1638 1702 per
1654 1611 1731 1679 loca
1748 1612 1915 1681 inusitata
1932 1611 2083 1682 facienti.
2136 1608 2235 1680 Etsi

209 1703 399 1800 luctari*).
450 1709 620 1781 Feramus
643 1713 752 1801 igitur
784 1714 921 1803 ingenti
942 1709 1194 1804 Philnsnplrico
1247 1711 1326 1802 quis
1341 1706 1597 1781 arithmeticam
1613 1711 1838 1781 mediocriter
1854 1713 2034 1797 didicerit,
2055 1707 2163 1782 habet
2177 1737 2235 1781 ar·

209 1821 245 1878 et
264 1806 466 1880 Christiano
487 1812 606 1883 animo
633 1814 803 1898 iniurias,
832 1840 897 1885 nec
920 1832 1104 1906 propterea
1129 1838 1194 1882 nos
1247 1825 1335 1890 tem,
1369 1837 1458 1906 quae
1488 1807 1683 1902 provehere
1717 1817 1866 1883 eumad
1895 1815 2096 1901 sanctiones
2119 1814 2234 1882 varias

208 1910 338 1981 abduci
352 1912 396 1981 ab
411 1912 527 1983 officio
542 1928 664 1985 nostro
683 1915 850 2001 sinamus,
872 1941 1106 2009 repugnemus
1120 1940 1195 1995 me-
1246 1928 1358 2004 potest
1373 1930 1406 1983 et
1424 1912 1598 2004 praesidio
1617 1936 1690 1982 esse
1706 1914 1808 1983 vitae.
1859 1902 2033 2001 Ideolron
2052 1913 2234 2004 negligen-

208 2011 377 2091 diocriter
398 2013 512 2083 furori
533 2009 739 2100 hominum,
775 2029 809 2085 et
832 2018 862 2086 si
885 2043 974 2111 quos
999 2041 1195 2110 possumus,
1246 2017 1289 2082 da
1305 2029 1356 2084 est
1374 2010 1459 2084 haec
1473 2037 1548 2100 ars,
1574 2038 1663 2107 quae
1681 2014 1824 2108 quidem
1840 2029 1967 2087 natura
1982 2014 2142 2086 omnium
2159 2016 2234 2105 pri-

206 2110 387 2183 flectamus
401 2115 446 2185 ad
462 2114 641 2191 virtutem.
690 2116 761 2188 Hic
774 2113 864 2187 mibi
885 2143 1010 2208 scopus
1030 2118 1194 2211 proposi·
1246 2128 1385 2199 maest,
1409 2129 1451 2186 ut
1467 2139 1695 2185 numerorum
1718 2115 1851 2205 agnitio
1867 2118 2023 2210 primum
2043 2112 2165 2187 lumen
2183 2128 2234 2189 est

207 2225 264 2283 tus
280 2227 341 2296 est,
366 2210 426 2285 hic
439 2216 520 2286 linis
533 2241 693 2288 meorum
706 2219 936 2290 consiliorum
954 2234 987 2290 et
999 2215 1193 2289 meacPhi-
1243 2218 1383 2288 mentis.
1434 2212 1582 2311 (1544.)

128 2359 138 2372 -
206 2311 399 2405 losoplriae.
438 2315 635 2387 Meministi
651 2315 1191 2410 dictumsapientissimumFrr‘-

207 2409 668 2503 dericiDucis5Tantum,
689 2428 1041 2516 qnantum'possum.
1094 2422 1192 2490 lrlem
1243 2455 1352 2469 --
1410 2489 1414 2496 .

191 2538 272 2597 [nos
293 2516 333 2584 in
355 2528 477 2609 nostro
498 2543 645 2589 munere
658 2544 857 2614 sequamur.
907 2523 1088 2594 Prosimus
1104 2521 1196 2593 Ilei-
1541 2567 1546 2574 ‹

202 2618 289 2709 pub.
304 2630 337 2686 et
351 2618 563 2707 posteritati,
589 2634 762 2714 quantum
777 2647 962 2714 possumus
970 2649 979 2709 ;
1005 2623 1191 2714 praesidia,
1242 2618 1307 2688 No.
1324 2618 1437 2693 3037.
1724 2679 1728 2697 .
2073 2638 2131 2700 30.
2146 2628 2230 2713 Sept.

205 2719 362 2806 gratiam,
373 2721 525 2808 praemia
541 2719 644 2794 aDeo
658 2738 893 2812 expectemus:
909 2724 1076 2795 Humana
1090 2727 1189 2795 nulla
1248 2713 1419 2744 ww
2064 2720 2229 2748 Μ

173 2816 178 2827 “
204 2832 298 2888 sunt.
349 2816 419 2889 Hic
438 2815 667 2894 scholasticus
688 2818 921 2896 Lisnt‘censis
942 2827 1065 2896 scribit
1092 2828 1190 2899 solu·
1514 2819 1661 2901 loaclt.
1695 2816 1956 2911 CamerariO.

204 2933 276 2990 tam
312 2923 526 3007 orationem,
560 2939 594 2994 et
623 2949 743 2995 versus
768 2929 852 2998 satis
878 2929 1028 3003 erudite.
1085 2928 1189 2998 Nunc
1308 2974 1383 3028 ΕΜ
1406 2974 1582 3031 adcamerar
1647 2976 1724 3031 486³
1774 2976 2049 3046 &1¹⁰⁰le
2130 2982 2181 3037 Μ
2260 2969 2266 2983 ,.

204 3034 302 3103 orat,
328 3022 390 3114 qui
408 3023 628 3112 praeficiatur
645 3020 785 3097 scholae
800 3024 1019 3104 Bornensr’.'
1048 3029 1137 3100 Nam
1159 3031 1189 3098 is
1333 2995 1392 3046 p.
1583 2995 1636 3047 .p.
1726 2996 1754 3050 q.
1820 3014 1830 3033 ⁰
1924 3002 1997 3035 '¹’
2050 3001 2117 3054 ’φ’
2181 2984 2211 3049 'i'

204 3120 267 3214 qui
283 3123 398 3192 fuerat
411 3124 596 3194 accersitus
613 3139 773 3197 mortuus
786 3145 848 3201 est.
901 3130 1050 3201 Videtur
1072 3132 1189 3201 autem
1240 3118 1465 3210 Clarissimo
1487 3127 1565 3200 viro
1590 3125 1793 3213 eruditione
1819 3140 1851 3199 ct
1874 3131 2002 3202 virtute
2021 3135 2232 3230 praestanti

202 3216 261 3290 hic
278 3212 482 3292 Chilianus
498 3229 654 3296 modesto
671 3242 705 3297 et
724 3230 819 3299 bono
838 3233 980 3318 ingenio
1000 3235 1188 3321 praeditus.
1240 3225 1482 3300 Inachimo
1509 3223 1627 3311 Cam.
1661 3225 1756 3308 Pub.
1779 3226 1932 3302 Rectori
1955 3229 2072 3311 Acad.
2096 3229 2229 3336 Lipsi-

203 3318 252 3391 Et
266 3323 454 3410 pollicetur
469 3348 506 3393 se
525 3350 599 3395 nnn
622 3328 697 3397 fore
713 3346 953 3400 contumacem
970 3337 1138 3405 adversus
1155 3350 1188 3404 te
1313 3388 1315 3391 .
1511 3354 1589 3412 cae,
1615 3331 1734 3400 amico
1749 3356 1817 3405 51¹⁰
1832 3330 1959 3404 carisa.

49 3460 88 3497 ·‚
204 3435 239 3509 et
254 3424 529 3494 concionatores.
580 3425 663 3497 Ideo
680 3453 759 3498 erun
781 3432 847 3500 tibi
864 3437 1084 3509 commendo.

202 3518 418 3614 Episcopum
441 3516 625 3596 Cicensem
656 3530 741 3598 alias
767 3533 928 3608 scribam.
978 3533 1076 3606 Bene

1132 3434 1188 3506 Ad
1239 3446 1286 3536 S.
1311 3465 1356 3535 D.
1406 3464 1514 3535 Hunc
1534 3466 1742 3534 fasciculum
1765 3465 1914 3555 accipies
1935 3489 1954 3535 a
1978 3468 2057 3537 viro
2077 3463 2227 3544 honesto

1100 3539 1190 3612 vale·
1242 3581 1276 3637 rt
1301 3569 1389 3636 bene
1416 3568 1542 3637 merito
1571 3570 1619 3634 de
1644 3563 1819 3649 Ecclesia,
1851 3559 2024 3637 Iohanne
2048 3564 2087 3638 T
2085 3569 2230 3643 extorio

1030 3669 1032 3672 ’
1243 3669 1388 3738 Pastore
1399 3665 1577 3736 Ecclesiae
1595 3662 1806 3762 Neapoli¹),
1832 3667 1897 3738 sita
1919 3669 1957 3735 in
1978 3668 2157 3763 ‘l'yrigetis
2179 3677 2229 3747 ad

1242 3771 1373 3838 flumen
1397 3766 1602 3851 Aracelium,
1632 3768 1693 3858 qui
1716 3779 1755 3837 ut
1776 3770 1912 3839 aditum
1934 3770 1979 3839 ad
2005 3784 2040 3840 te
2072 3767 2231 3863 haberet,

1242 3871 1424 3961 epistolam
1448 3892 1468 3938 a
1493 3895 1548 3936 me
1568 3868 1746 3956 flagitavit.
1803 3868 1936 3959 Magno
1959 3872 2064 3942 nobis
2086 3877 2169 3946 usui
2192 3888 2231 3949 et

201 4016 236 4088 N
285 4018 387 4092 3036
1241 3973 1311 4042 fuit
1327 3985 1362 4041 et
1375 3984 1426 4040 est
1441 3971 1479 4038 in
1498 3984 1568 4038 tota
1586 3961 1760 4061 διοικήσει
1775 3971 1819 4039 ad
1835 3969 1977 4056 Salam,
1998 3986 2034 4043 et
2047 3987 2099 4045 est
2116 3970 2231 4050 homo

98 4095 100 4097 ·
208 4043 399 4144 Q·
430 4073 433 4079 “
612 4072 620 4085 “
987 4037 1190 4157 (ἓξὲξ)
1239 4069 1401 4171 γνησίως
1415 4063 1599 4167 φράγκος,
1624 4093 1705 4138 vere
1720 4070 1892 4141 candidus
1907 4084 1944 4141 et
1961 4073 2115 4166 integer,
2136 4078 2233 4151 fuit·

573 4217 609 4304 S
660 4221 709 4305 d,
768 4231 775 4247 ,
1240 4199 1308 4267 qrre
1323 4173 1462 4264 Lipsiae
1477 4164 1728 4265 συμφοιτητὴς
1749 4186 1852 4257 tuus,
1878 4166 1988 4246 ethic
2009 4198 2081 4247 uua
2097 4177 2232 4255 fuistis.

609 4233 656 4304 tu
690 4253 811 4310 ‘⁰⁸⁸⁸'
932 4352 937 4363 Ι
1239 4273 1358 4365 Quare
1372 4286 1410 4341 ut
1429 4295 1509 4340 eum
1524 4274 1772 4363 complectare,
1796 4296 1895 4364 rogo.

298 4375 404 4450 Scripta
415 4374 491 4450 publ.
505 4376 619 4434 theb.
635 4381 670 4460 T.
686 4383 706 4438 t.
724 4403 751 4455 p.
765 4384 832 4443 951³.
1239 4471 1274 4542 b·
1349 4372 1457 4491 illitto
1474 4372 1541 4542 tilii
1557 4374 1740 4464 epistolam
1759 4371 2016 4544 Hffngar'nam,
2038 4377 2078 4547 in
2103 4402 2176 4474 qua
2192 4396 2232 4457 et

488 4527 496 4546 ,
535 4528 543 4548 ,
1000 4497 1003 4501 ·
1200 4547 1201 4550 ,
1264 4488 1400 4545 rstonas
1442 4498 1503 4543 uas
1530 4492 1592 4543 am‘
1609 4489 1764 4545 recentes
1816 4501 1865 4547 un
1889 4500 2032 4546 ararum
2061 4502 2079 4549 e
2104 4505 2141 4550 es
2191 4507 2214 4554 e

402 4520 600 4629 ΡΜῬΡ
609 4559 661 4603 ¹¹⁸
685 4532 744 4604 M
747 4534 790 4606 ‘l
796 4562 820 4606 α
830 4547 875 4607 Μ
884 4533 909 4607 h
920 4565 984 4610 ⁰7⁸·
1235 4576 1371 4646 videbis
1387 4500 1545 4646 nristram
1559 4575 1833 4647 familiaritatem
1847 4498 1927 4648 algiis
1942 4496 2232 4655 bonis‘hism'inti

198 4637 312 4730 Extat
326 4659 489 4748 libellus,
514 4665 572 4734 cui
588 4666 711 4738 titulus
729 4683 780 4739 est
792 4664 954 4766 Isagoge
969 4670 1183 4745 Arithmetr‘-
1234 4677 1300 4746 bus
1314 4677 1417 4747 ctiam
1434 4677 1625 4757 iucundam
1640 4700 1725 4751 esse.

199 4780 272 4876 cis,
309 4762 451 4877 collecta
486 4777 521 4834 et
553 4768 647 4836 edita
678 4794 740 4858 per
770 4766 1005 4845 Ioachr'mum
1034 4775 1186 4846 Ammo:
1335 4771 1463 4876 Λόγος
1480 4774 1731 4877 πανηγυρικὸς
1744 4773 1781 4873 ²)
1803 4774 1887 4873 περὶ
1901 4768 1957 4853 ὧν
1972 4776 2229 4880 ὑπηνιξᾶμην,

198 4883 301 4929 nrum
321 4856 555 4947 Numnam,
581 4870 642 4961 qui
659 4871 734 4939 sine
757 4875 962 4964 ambagibus
976 4879 1179 4950 brevissima
1232 4878 1271 4948 in
1296 4880 1454 4972 proxima
1483 4880 1650 4971 epistola,
1679 4875 1768 4954 νυνὶ
1790 4876 2049 4974 ἐκδεδομένος,
2079 4881 2233 4981 κινήσει

197 4976 379 5081 praecepta
408 4965 583 5051 continet,
622 4992 774 5066 quorum
802 4977 975 5049 maximus
1003 5003 1088 5050 usus
1118 4996 1179 5053 est.
1230 4985 1308 5053 τῶν
1328 4973 1554 5078 δημηγόρων
1575 4977 1725 5079 φρένας.
1775 4980 1882 5054 Mem
1905 4984 2014 5057 fralet
2028 4982 2121 5059 milli
2141 5011 2231 5083 μδ·

157 5130 164 5146 ,
194 5058 302 5133 Hunc
321 5065 482 5136 labellum
499 5061 690 5142 Iohannes
706 5066 903 5172 Fischer¹)
926 5075 1178 5154 Arithmeticus

202 3619 271 3693 Die
286 3625 347 3700 28.
366 3624 544 3719 Septemb.

192 5245 401 5262 m

226 5349 256 5417 a
1262 5307 1445 5436 ararat
1459 5309 2051 5457 anastasianam
2069 5332 2117 5392 e
2142 5323 2233 5384 ..a

227 5437 260 5506 1)
280 5435 339 5501 Vid.
354 5428 388 5493 ‹le
400 5457 434 5496 en
446 5458 488 5514 ep.
502 5441 530 5499 d.
546 5444 573 5500 7.
587 5442 682 5518 Septi·
693 5464 717 5506 a.
735 5447 810 5510 1⁵4⁵.
831 5419 835 5424 ἡ
1260 5465 1290 5536 2)
1308 5463 1418 5522 notheri
1431 5463 1538 5522 libellus
1549 5463 1584 5519 de
1596 5481 1683 5523 soem
1696 5481 1786 5524 uerae
