4868 6420
114 440 149 505 Δ
626 322 895 405 anulum
929 327 1115 407 vluna
1143 328 1276 409 mut..
1328 329 1462 411 sesa.
1514 304 1644 413 1544.

149 458 203 523 ng.

74 522 79 539 ·
157 540 197 606 5·
247 498 479 567 Franoofcrdiae
502 509 590 571 litem
610 505 769 573 Pastorum
793 511 831 573 de
855 529 936 572 sacra
960 530 1056 574 coena
1080 523 1111 575 et
1135 516 1313 577 ceremoniis
1338 513 1520 598 quibusdam
1546 521 1711 600 componit.

158 642 194 706 9.
246 632 301 699 Est
325 634 483 702 Erfordiae
509 653 540 703 et
562 654 687 704 vocatur
712 641 909 710 Wimariam.

136 775 192 838 10.
244 765 483 835 EstWimariae
508 775 542 835 in
568 778 645 838 aula.

132 902 192 972 16.
243 898 380 966 Domum
404 909 498 970 venit.

132 1040 194 1104 17.
242 1034 406 1101 Theodoro
432 1043 536 1103 scribit
563 1062 640 1125 quae
662 1053 725 1103 acta
750 1041 864 1104 lherint
888 1038 1024 1104 Bonnae.

242 1166 365 1233 Bellum
390 1176 468 1236 iuter
494 1171 650 1237 Caesarem
671 1187 702 1237 et
724 1171 842 1237 Ducem
868 1171 1050 1238 Glivensem.

133 1307 192 1377 24.
243 1298 326 1364 Dura
351 1309 383 1366 vi
409 1311 525 1392 capitur
551 1330 568 1370 a
593 1312 744 1371 militibus
770 1307 913 1372 Caesaris.

113 1407 198 1491 Sept.

156 1520 189 1580 8·
241 1517 314 1582 lllel.
341 1523 493 1603 praefatur
518 1529 551 1585 in
576 1526 706 1588 librum:
734 1522 955 1604 „Reformatio
981 1520 1132 1588 Ecclesiae
1159 1519 1368 1589 Coronensis”
1393 1541 1449 1591 etc.

33 1726 37 1733 Ι
157 1649 193 1711 6·
242 1652 288 1715 De
310 1674 403 1716 coena
428 1678 510 1720 sacra
534 1662 637 1722 scribit
661 1660 700 1720 ad
724 1657 932 1722 Theodorum.

107 1792 117 1805 '
158 1783 191 1845 7·
242 1786 305 1851 Pax
330 1793 408 1851 iuter
434 1788 589 1854 Caesarem
616 1805 647 1855 et
670 1790 789 1855 Ducem
815 1788 945 1855 Clisens.

133 1918 189 1980 10·
240 1920 314 1986 hlel.
342 1921 519 1987 Bernhardo
544 1924 703 2008 Zieglero‚
731 1927 875 2007 theologo
902 1920 1010 2005 Lips,
1036 1922 1138 1983 scribit
1165 1922 1332 1984 orationem
1357 1929 1390 1985 in
1415 1931 1609 2006 promotione
1634 1931 1800 2012 legendam.

119 2013 189 2078 Oct.

155 2123 188 2183 8.
242 2121 318 2186 Vito
343 2122 508 2188 Theodoro
532 2130 709 2187 sententiam
731 2145 817 2186 suam
842 2126 944 2185 scribit
970 2123 1007 2184 de
1032 2124 1229 2202 impositione
1253 2145 1400 2189 manuum
1425 2129 1512 2191 etde
1539 2135 1862 2197 excommunicatione.

132 2255 189 2316 22·
241 2255 334 2319 Vitus
359 2254 581 2321 Amerbochius
605 2257 802 2347 ll'ltebergae
825 2260 894 2319 lites
918 2268 1020 2318 movet
1042 2255 1181 2317 adversus
1203 2253 1430 2323 Melanthonem
1450 2267 1482 2324 in
1509 2265 1643 2326 doctrina
1669 2267 1706 2328 de
1732 2269 1841 2329 anima.

131 2385 189 2452 26·
239 2388 345 2454 Monet
367 2389 566 2455 Theodorum
589 2416 629 2453 ne
654 2392 795 2454 accendat
819 2392 1054 2453 controversiam
1079 2388 1117 2449 de
1142 2411 1236 2452 coena
1260 2414 1352 2457 sacra.

115 2481 195 2547 Nor.

154 2587 189 2656 4.
239 2591 359 2657 Bucero
383 2597 486 2658 scribit
510 2596 547 2657 de
571 2597 646 2656 rixis
668 2595 883 2675 theologorum
909 2593 946 2654 de
971 2611 1064 2654 coena
1085 2614 1130 2671 a,
1156 2605 1187 2655 et
1211 2593 1249 2655 de
1272 2591 1449 2678 Principum
1472 2600 1639 2662 temeritate
1665 2614 1694 2662 et
1720 2604 1846 2664 incuria.

240 2728 381 2792 Mandata
402 2729 493 2791 habet
517 2750 534 2790 a
559 2725 647 2792 Duce
670 2725 830 2806 Prussiae,
855 2738 892 2788 ut
914 2726 1052 2788 doctores
1078 2729 1179 2789 mittat
1204 2733 1238 2789 in
1260 2725 1359 2794 Ami.
1386 2726 1582 2812 Regiomout.

156 2863 188 2925 7.
244 2861 438 2927 Recuduntur
462 2860 538 2926 Mel.
562 2874 725 2925 erotemata
746 2862 924 2923 dialectices.

132 2998 189 3060 12.
242 2995 438 3060 Enarraturus
463 3009 508 3059 est
528 2999 596 3058 libr.
617 2994 660 3059 V.
685 2993 866 3058 Ethicorum
889 2989 1063 3057 Aristotelis
1082 2994 1121 3056 de
1143 2997 1267 3057 iustitia.

134 3133 189 3194 19.
240 3129 417 3194 Mandatum
440 3134 585 3212 accipite
611 3126 661 3193 I'r.
688 3126 846 3207 Electore,
871 3140 906 3189 ut
929 3140 1013 3209 paret
1035 3150 1066 3190 se
1091 3128 1129 3190 ad
1155 3104 1211 3201 iter
1237 3127 1357 3213 Spiram
1382 3132 1554 3198 taciendam
1579 3136 1618 3197 ad
1642 3143 1833 3196 conventam.

241 3264 332 3328 Vitus
357 3262 578 3326 Amerbachius
602 3260 783 3344 Witeberga
808 3261 934 3323 discedit
957 3264 990 3321 ln
1015 3258 1183 3323 Bavarietn.

133 3405 190 3468 29.
242 3396 313 3462 Mel.
339 3402 475 3484 queritur
498 3397 534 3458 de
561 3398 695 3458 moribus
718 3392 842 3473 Sabini,
867 3398 968 3476 generi
992 3399 1049 3454 sni.

102 3500 199 3674 ⁰03³:
243 3598 397 3682 Scriptum
421 3596 496 3663 ittet.
524 3603 727 3680 germanicum
749 3599 786 3659 de
812 3598 984 3658 discrimine
1010 3593 1081 3657 Vet.
1108 3606 1138 3656 et
1161 3592 1242 3657 Novi
1268 3592 1353 3658 Test.
1380 3598 1492 3680 prodit.

132 3745 191 3806 10.
243 3733 367 3799 Carolus
393 3728 473 3815 Imp.
498 3737 606 3794 invitat
626 3728 745 3793 Ducem
768 3727 842 3797 Sex.
867 3726 964 3791 Elect.
989 3741 1019 3790 et
1042 3721 1269 3809 Landgrsrium
1293 3729 1435 3807 Hostiae,
1462 3744 1494 3792 ut
1521 3733 1581 3812 ipsi
1607 3733 1729 3794 veniant
1756 3735 1788 3792 iu
1814 3742 1995 3794 conventum
2018 3729 2147 3817 Spiren-

292 3859 355 3901 sem
373 3836 403 3899 d.
424 3842 479 3904 10.
500 3830 688 3904 lon.1644.
708 3833 888 3894 habendum.

131 3981 192 4047 25.
242 3971 337 4034 Illittit
354 3969 518 4032 Theodoro
541 3967 759 4049 praelationem
783 3969 816 4027 in
842 3942 973 4028 Lutheri
998 3967 1215 4026 enarrationem
1240 3968 1331 4047 primi
1356 3961 1451 4027 lllosis
1477 3968 1557 4027 libri.

243 4105 310 4167 Hoc
336 4125 415 4165 anno
441 4106 587 4163 enarravit
612 4103 645 4160 in
669 4099 771 4160 schola
797 4097 924 4160 Homeri
946 4100 1086 4161 carmina.

243 4237 344 4301 Edidit
370 4239 468 4335 denuo
495 4234 707 4296 catechismum
732 4237 889 4313 puerilem.

1032 4557 1189 4637 ANNO
1224 4558 1360 4639 lota.

128 4700 193 4869 Ὗ..
243 4787 315 4851 illel.
344 4784 483 4870 Lipsiam
509 4789 715 4868 proficiscitur.

158 4939 193 5001 4,
244 4922 316 4984 lllel.
342 4935 371 4983 et
398 4918 570 4982 loachimus
596 4916 781 4983 Camerarius
807 4917 1017 4980 commendant
1041 4913 1206 5001 Georgium
1233 4916 1380 4981 Sabinum
1406 4917 1534 4982 Alberto
1561 4915 1640 4981 Daci
1664 4917 1810 4983 l‘russiae.

117 5077 201 5153 7η,
246 5055 427 5136 Philippus,
454 5051 660 5115 lllelanthonis
685 5056 786 5130 filius,
811 5052 996 5113 clandestina
1020 5055 1170 5134 sponsalia
1194 5037 1284 5115 hebet
1311 5075 1380 5115 cum
1403 5059 1505 5137 puella
1529 5049 1717 5136 Margaretha
1742 5050 1884 5115 Kiiliner.

135 5206 193 5270 16,
246 5186 319 5252 blei.
345 5190 442 5249 mittit
471 5192 640 5249 orationem
665 5185 703 5246 da
727 5180 903 5248 Aristotele.

136 5341 195 5404 18,
248 5320 384 5383 Thomas
408 5317 608 5402 Naegeorgus
633 5323 719 5381 litem
743 5330 848 5381 movet
870 5320 1008 5382 adversus
1031 5317 1106 5383 Mel.

250 5454 326 5521 Mel.
354 5455 502 5539 praefatio
528 5457 561 5516 in
588 5456 837 5516 commentarium
857 5447 989 5515 Lutheri
1013 5457 1046 5515 in
1071 5457 1203 5537 primum
1228 5455 1340 5516 librum
1364 5449 1460 5515 blesis
1485 5454 1621 5515 absoluta
1642 5466 1695 5515 est.
1746 5458 1819 5518 coll.
1845 5477 1893 5537 ep.
1914 5454 1944 5515 d.
1961 5454 1992 5517 d·
2017 5454 2050 5520 4.
2068 5451 2154 5516 Febr.

1397 5539 1453 5617 b!
