4868 6420
204 367 277 438 sss
778 362 1220 444 urrsrousnutu
1270 341 1479 444 uss.'1x.
1531 357 1667 438 asts.
1736 417 1740 424 ,
2041 342 2047 348 “
2179 359 2260 437 sss

208 539 482 627 interfecerunt,
514 565 595 613 cum
617 537 877 635 Episcoporum
899 544 1104 636 dignitatem
1129 566 1204 612 non
1252 538 1418 632 amplecti
1432 551 1467 608 et
1482 560 1677 630 propagare
1692 534 1842 622 vellent,
1867 547 1901 605 et
1923 535 2023 606 fieret
2046 534 2251 623 concordia,

208 638 419 731 violassent,
451 645 524 714 imo
552 668 618 736 pro
645 645 695 714 eis
717 646 858 716 labores
884 646 1075 717 ministerii
1097 645 1206 716 susti·
1252 643 1282 711 si
1307 643 1370 735 qui
1387 640 1552 731 deinceps
1567 640 1704 711 utiliter
1718 635 1898 708 Ecclesiae
1911 635 1980 707 Dei
2001 637 2166 707 servituri
2190 661 2251 710 cs-

209 747 391 828 nuissent,
420 770 460 817 ac
484 747 635 817 fuissent
654 748 810 818 ministri
832 748 882 840 pii
901 764 935 821 et
957 749 1143 834 salutares,
1165 762 1207 817 ut
1253 759 1348 830 sent,
1373 739 1439 813 hos
1456 755 1633 834 oporteret
1649 741 1756 811 etiam
1770 741 1956 832 perficere,
1980 752 2022 810 ut
2032 741 2251 810 necessariae

210 849 317 919 multi
341 874 463 918 eorum
486 873 570 919 voce
600 850 644 918 ad
670 847 787 922 Deum
813 852 992 937 conversi,
1024 850 1108 920 facti
1136 851 1208 920 sint
1252 847 1453 917 functiones
1475 868 1540 936 per
1562 868 1644 916 suos
1667 857 1760 914 recte
1795 843 2143 917 administrarentur.
2202 838 2253 914 Et

211 947 381 1021 haeredes
396 952 490 1020 vitae
512 966 684 1027 aeternae.
1253 972 1457 1043 quanquam
1474 947 1585 1041 aliqui
1603 945 1891 1017 reformationem
1909 941 2172 1037 Episcoporum
2194 945 2253 1014 iu·

312 1053 352 1124 si
374 1079 458 1123 vero
480 1050 668 1146 Episcopi,
694 1068 735 1125 ut
757 1049 946 1142 hactenus,
971 1055 1019 1125 ita
1042 1053 1207 1145 deinceps
1254 1052 1408 1122 stituunt
1428 1051 1472 1119 ad
1492 1064 1649 1118 veterum
1669 1072 1846 1118 canonum
1866 1047 2104 1128 severitatem,
2132 1060 2251 1118 tamen

212 1150 357 1225 hostilia
381 1155 511 1225 facient
540 1170 661 1227 contra
687 1157 905 1242 doctrinam,
938 1182 1045 1251 quam
1063 1157 1207 1249 profile·
1254 1154 1444 1223 discrimen
1461 1165 1513 1222 est
1528 1153 1621 1222 inter
1635 1151 1800 1221 mandata
1815 1149 1955 1236 divina,
1980 1173 2071 1242 quae
2095 1163 2180 1222 sunt
2194 1173 2252 1220 ae-

213 1281 313 1343 mur,
339 1259 439 1326 nulla
461 1258 593 1350 poterit
606 1259 700 1328 inter
724 1261 804 1329 illos
825 1275 859 1328 et
884 1276 1023 1330 nostros
1045 1260 1208 1328 sacerdo·
1254 1269 1373 1341 terna,
1399 1279 1464 1324 nec
1482 1267 1628 1346 propter
1643 1252 1876 1343 imperiorum
1891 1253 2109 1324 mutationes
2127 1251 2249 1322 delen·

213 1373 267 1429 tes
283 1375 317 1429 et
334 1361 493 1429 doctores
508 1361 584 1429 fieri
600 1362 797 1431 concordia.
850 1360 949 1450 Quid
965 1386 1049 1432 vero
1066 1360 1208 1430 Princi-
1254 1361 1300 1429 da
1322 1372 1425 1442 sunt,
1451 1369 1485 1427 et
1511 1358 1677 1426 mandata
1701 1350 1878 1439 humana,
1913 1378 2003 1449 quae
2028 1355 2249 1446 temporibus

211 1483 293 1552 peS,
312 1476 346 1531 et
361 1462 499 1554 politici
513 1463 766 1552 gubernatores
783 1465 964 1535 civitatum
982 1464 1110 1534 facturi
1126 1464 1208 1546 sint,
1255 1473 1290 1530 et
1312 1484 1392 1530 cum
1420 1459 1579 1551 imperiis
1610 1470 1814 1537 mutantur,
1847 1457 1939 1527 sicut
1969 1480 2092 1527 omncs
2121 1457 2251 1528 eruditi

212 1564 374 1655 ipsorum
398 1565 645 1634 deliberationi
671 1567 917 1658 relinquimus.
970 1564 1042 1636 Nos
1064 1566 1209 1659 quidem
1253 1563 1371 1632 sciunt
1394 1562 1533 1630 divinas
1558 1575 1592 1632 et
1614 1572 1775 1630 aeternas
1795 1558 1889 1649 leges
1908 1554 2014 1648 longe
2038 1559 2185 1629 differre
2206 1559 2250 1630 ab

212 1665 275 1759 qui
299 1666 369 1736 iam
392 1667 589 1737 ministerio
605 1663 793 1757 Evangelii
807 1668 1012 1758 fungimur,
1036 1692 1109 1737 non
1127 1690 1210 1759 pos-
1254 1660 1421 1734 humanis
1452 1664 1713 1734 senescentibus
1739 1673 1773 1730 et
1804 1661 2066 1732 intereuntibus
2098 1659 2250 1751 legibus:

213 1790 334 1838 sumus
358 1793 439 1838 cum
464 1770 527 1855 iis,
554 1771 617 1859 qui
639 1794 783 1840 manere
798 1772 925 1841 volunt
940 1767 1126 1860 Evangelii
1140 1765 1208 1839 ho·
1255 1764 1305 1837 Ut
1319 1768 1350 1835 si
1371 1765 1520 1839 Senatus
1534 1764 1730 1856 Spartanus
1747 1787 1843 1833 nunc
1861 1762 2013 1857 Lycurgi
2038 1764 2133 1852 leges
2146 1763 2249 1835 resti-

215 1882 301 1955 stes,
323 1872 550 1942 concordiam
565 1873 696 1954 facere,
730 1873 862 1943 exitum
884 1887 1001 1943 autern
1015 1870 1112 1957 Deo,
1146 1871 1208 1966 qui
1255 1882 1353 1939 tuere
1376 1868 1500 1952 vellet,
1529 1881 1570 1938 ut
1599 1868 1675 1958 agri
1705 1865 1943 1936 communiter
1968 1867 2192 1951 colerentur,
2219 1880 2251 1936 et

213 1986 265 2042 est
281 1973 392 2044 iustus
406 1973 533 2057 iudex,
560 1988 594 2045 et
616 1975 781 2065 promisit
800 1999 835 2044 se
850 1999 913 2045 sua
928 1976 1123 2067 praesentia
1139 1974 1208 2042 mi-
1254 1971 1371 2060 fruges
1387 1994 1451 2061 pro
1468 1969 1638 2063 cuiusque
1655 1967 1918 2061 patrisfamilias
1936 1968 2143 2040 necessitate
2159 1967 2250 2038 diri·

213 2074 399 2144 nisterium
415 2073 602 2165 Evangelii
617 2078 846 2148 defensurum
863 2100 954 2163 esse,
981 2079 1208 2146 commenda·
1255 2076 1434 2146 detentor.

213 2176 351 2263 bimus,
376 2191 493 2248 utram
507 2192 665 2271 partem,
692 2193 725 2249 et
744 2182 922 2274 quomodo
944 2204 1009 2249 nos
1024 2192 1208 2271 protectu-
1354 2174 1451 2245 Haec
1466 2172 1603 2245 novitas
1622 2196 1696 2242 non
1720 2173 1916 2242 necessaria
1939 2169 2009 2254 Jret
2024 2195 2176 2264 magnos
2194 2185 2250 2244 tu·

213 2301 274 2348 rus
289 2280 353 2364 sit,
377 2281 468 2350 sicut
485 2275 677 2372 Apostolos
694 2305 834 2351 necesse
849 2282 918 2352 fuit
931 2279 1008 2353 Deo
1025 2306 1207 2351 commen·
1254 2278 1388 2349 multus
1405 2277 1563 2370 paritura
1573 2273 1590 2299 ”
1618 2288 1723 2361 esset;
1750 2276 1842 2345 illud
1859 2288 1978 2355 tamen
1995 2299 2094 2347 nunc
2110 2298 2249 2370 quoque

215 2382 299 2450 dare
316 2377 491 2452 Ecclesiae
508 2383 563 2451 sui
577 2384 745 2473 temporis
761 2385 1014 2457 defensionem.
1054 2382 1145 2453 Nam
1168 2396 1208 2453 ut
1254 2380 1401 2472 Spartae
1417 2378 1652 2449 necessarium
1672 2390 1744 2463 est,
1765 2391 1807 2447 ut
1827 2379 1996 2448 mandata
2017 2375 2087 2447 Dei
2110 2400 2250 2447 serven-

213 2483 314 2581 prius
336 2484 470 2555 dictum
503 2497 571 2569 est,
601 2486 730 2555 scimus
760 2487 997 2556 ministerium
1017 2482 1209 2575 Evangeli-
1230 2465 1235 2583 1
1253 2496 1332 2568 tur,
1357 2496 1398 2553 ut
1421 2477 1700 2574 prohibeantur,
1725 2492 1760 2550 et
1781 2480 1979 2571 puniantur
2000 2479 2156 2551 iniustae
2176 2503 2250 2552 cae·

214 2608 295 2653 cum
321 2608 396 2654 non
425 2585 471 2655 ab
499 2582 666 2656 humanis
685 2588 947 2672 voluntatibus,
986 2602 1047 2658 aut
1075 2589 1209 2679 praesi-
1255 2588 1336 2671 des,
1364 2583 1551 2668 adulteria,
1575 2594 1639 2656 etc.

215 2685 285 2754 diis
309 2689 484 2778 pendere,
508 2690 567 2757 sed
593 2690 725 2758 servari
749 2713 769 2758 a
794 2687 951 2759 Domino
981 2703 1102 2760 nostro
1130 2688 1208 2760 lesu
1358 2685 1410 2758 lta
1426 2688 1465 2755 in
1480 2682 1546 2755 hac
1561 2684 1832 2771 reformatione,
1858 2709 1937 2755 cum
1956 2683 2187 2756 manifestum
2209 2685 2250 2756 sit

214 2782 378 2874 Christo,
407 2804 447 2860 ut
473 2792 568 2881 apud
589 2788 744 2861 Hoseam
770 2793 914 2863 dicitur:
955 2786 1123 2861 Salvobo
1151 2814 1209 2863 eos
1255 2790 1414 2860 inomni
1436 2788 1692 2878 gubernatione
1719 2811 1809 2880 opus
1831 2810 1906 2857 esse
1928 2787 2050 2858 multis
2080 2786 2250 2881 personis,

215 2887 256 2959 in
272 2886 441 2961 Domino
457 2887 542 2962 Deo
558 2915 643 2980 suo,
667 2902 698 2963 et
714 2917 788 2963 non
803 2891 962 2966 salvabo
977 2918 1035 2964 eos
1056 2892 1096 2964 in
1119 2917 1208 2964 arcu
1257 2908 1291 2963 et
1305 2888 1369 2961 has
1386 2892 1463 2961 sine
1480 2891 1575 2961 victu
1592 2903 1627 2958 et
1641 2891 1717 2959 sine
1735 2890 1921 2982 stipendiis
1935 2890 2055 2960 vivere
2081 2914 2156 2960 non
2173 2913 2251 2983 pos-

216 3000 249 3062 ct
263 2987 409 3088 gladio.
1258 3018 1313 3081 se,
1339 3017 1478 3064 necesse
1496 2993 1564 3063 erit
1579 2992 1685 3062 etiam
1702 2988 1918 3085 Episcopos,
1944 2993 2007 3086 qui
2027 2993 2169 3064 faciunt
2189 3016 2249 3063 ne·

314 3094 481 3190 Denique
509 3099 554 3168 ad
584 3088 679 3191 piam
710 3101 936 3171 concordiam
956 3103 1056 3172 nulla
1080 3100 1138 3170 via
1159 3114 1211 3172 est
1259 3097 1425 3167 cessarios
1441 3109 1579 3167 sumtus
1595 3095 1636 3191 ip
1655 3092 1931 3185 gubernatione,
1958 3088 2090 3174 habere
2106 3096 2251 3167 faculta-

215 3195 303 3283 alia,
325 3198 395 3268 nisi
417 3195 519 3270 haec:
551 3217 591 3274 ut
614 3197 782 3294 Episcopi
804 3228 924 3274 veram
950 3205 1149 3275 doctrinam
1176 3217 1212 3274 et
1258 3213 1310 3270 tes
1332 3200 1479 3293 aliquas.
1531 3195 1747 3291 Quanquam
1767 3211 1884 3268 autem
1907 3197 2120 3288 gubernatio
2141 3198 2253 3292 impe-

214 3299 412 3388 legitimum
438 3326 543 3372 usum
565 3302 875 3375 sacramentorum
898 3306 1156 3397 amplectantur
1177 3319 1211 3376 et
1257 3303 1394 3372 riorum
1412 3316 1447 3371 et
1468 3300 1678 3369 immodicae
1699 3323 1784 3393 opes
1802 3301 2003 3390 impediunt
2025 3300 2252 3370 administra·

216 3423 283 3469 nos
304 3402 391 3493 ipsis
414 3417 584 3497 tanquam
605 3401 782 3475 Ecclesiae
805 3409 1103 3496 gubernatoribus
1124 3409 1210 3478 obe·
1258 3406 1393 3475 tionem
1408 3401 1648 3473 Ecclesiarum
1673 3414 1707 3471 et
1721 3401 1906 3473 literarum
1922 3402 2062 3487 studia,
2088 3416 2122 3474 et
2147 3402 2249 3474 multi

216 3503 373 3590 diamus;
400 3507 445 3574 ad
461 3508 556 3600 quod
580 3531 646 3576 nos
661 3498 855 3581 offerimus.
907 3507 993 3579 Plus
1016 3510 1138 3598 largiri
1162 3512 1210 3579 si·
1258 3507 1309 3599 pii
1323 3519 1357 3602 et
1373 3507 1563 3598 prudentes
1577 3516 1660 3573 ante
1674 3499 1760 3574 haec
1776 3505 1890 3575 secula
1906 3528 1980 3573 non
1996 3517 2131 3576 temere
2144 3528 2250 3599 quae-

216 3629 263 3708 ue
289 3629 417 3696 magno
449 3622 588 3678 seccato
616 3623 678 3680 aut
707 3612 783 3680 siue
807 3613 1020 3682 contumelia
1043 3610 1111 3682 Dei
1134 3638 1210 3683 non
1258 3610 1304 3679 sti
1319 3620 1419 3692 sunt,
1444 3602 1640 3699 Episcopus
1658 3607 1810 3676 nimium
1825 3619 2015 3699 occupatos
2031 3629 2107 3677 esse
2130 3607 2251 3701 profa-

215 3729 413 3798 possumus.
464 3705 519 3778 Ex
535 3704 601 3780 hac
617 3711 872 3801 significatione
888 3727 1029 3784 nostrae
1042 3716 1210 3786 volunta·
1257 3712 1314 3780 nis
1335 3711 1485 3799 negotiis
1509 3709 1739 3801 imperiorum
1764 3721 1799 3778 et
1830 3733 1938 3799 opum
1971 3731 2118 3780 suarum
2149 3733 2249 3780 cura:

216 3808 262 3877 tis
276 3808 466 3880 deferentis
483 3811 521 3878 in
537 3807 604 3880 hoc
619 3836 700 3882 casu
716 3813 965 3896 obedientiam,
980 3818 1209 3887 manifestum
1258 3802 1397 3882 Tamen
1422 3824 1607 3905 postquam
1631 3835 1728 3880 nunc
1749 3811 1830 3880 talis
1854 3825 1906 3882 est
1925 3812 2050 3903 politia
2077 3824 2114 3883 et
2140 3836 2249 3904 opum

216 3922 286 3994 est,
308 3934 374 3980 nos
389 3913 475 3982 satis
496 3928 675 3984 excusatos
692 3940 772 3985 cum
789 3917 894 3986 nobis
916 3918 1102 3989 obiicitur:
1135 3918 1208 3990 Nos
1257 3916 1448 3998 ordinatio,
1472 3929 1507 3984 et
1518 3910 1686 4006 Episcopi
1705 3915 1896 4005 prudentes
1911 3927 1947 3984 et
1961 3909 2250 3986 timentesDeum

216 4015 457 4084 contumaciae
495 4027 530 4084 et
561 4011 808 4087 schismatibus
840 4042 996 4090 caussam
1029 4023 1209 4112 praebere.
1256 4031 1349 4088 recte
1363 4017 1417 4087 uti
1431 4016 1503 4086 suis
1516 4016 1742 4086 facultatibus
1755 4028 1918 4108 possent,
1942 4039 2008 4085 nos
2025 4015 2126 4086 illam
2142 4039 2251 4109 opum

216 4110 276 4184 Ad
300 4114 338 4184 id
362 4110 448 4186 haec
469 4119 652 4210 responsio
675 4133 736 4191 est.
792 4119 866 4191 Nos
886 4123 1014 4191 offerre
1037 4124 1208 4194 obedien·
1256 4134 1291 4190 et
1313 4120 1492 4189 ditionum
1515 4110 1771 4210 possessionem
1794 4142 1869 4187 non
1898 4118 2094 4189 turbamus.
2156 4114 2249 4189 lllud

215 4216 321 4302 tiam,
334 4218 364 4286 si
378 4243 451 4288 non
464 4221 644 4311 postulent
661 4245 680 4290 a
696 4223 819 4309 nobis,
832 4237 874 4294 ut
889 4224 1074 4295 veritatem
1085 4223 1208 4296 Evan-
1256 4235 1373 4292 autem
1399 4221 1552 4311 agimus,
1575 4235 1615 4291 ut
1638 4221 1692 4289 illi
1708 4221 1775 4312 ipsi
1791 4217 1961 4311 Episcopi
1976 4233 2010 4290 et
2025 4220 2192 4310 collegia,
2216 4233 2249 4290 et

215 4320 301 4408 gelii
314 4320 521 4391 abiiciamus
535 4335 569 4392 et
584 4325 801 4399 damnemus.
1255 4324 1380 4416 populi
1399 4323 1542 4392 illarum
1558 4323 1735 4392 ditionum
1752 4323 1797 4390 ad
1815 4346 1933 4391 veram
1947 4317 2085 4394 Christi
2098 4322 2248 4413 agnitio-

316 4419 387 4491 Hic
407 4424 438 4492 si
458 4424 651 4495 obiiciunt:
684 4431 935 4518 expectandam
960 4454 1033 4500 esse
1055 4454 1075 4499 a
1101 4430 1222 4500 nobis.
1255 4451 1338 4497 nem
1362 4439 1396 4496 et
1418 4449 1536 4494 veram
1561 4423 1824 4494 invocationem
1846 4422 1915 4494 Dei
1937 4424 2181 4516 adducantur,
2210 4437 2247 4495 ut

216 4523 457 4612 cognitionem
471 4529 965 4615 controversiarum,vicissim
976 4533 1206 4623 opponimus:
1254 4552 1371 4598 mores
1390 4527 1636 4615 collegiorum,
1662 4526 1726 4620 qui
1746 4539 1830 4597 sunt
1850 4527 1983 4596 similes
2006 4522 2245 4599 nuncEthni·

215 4626 377 4696 damnari
395 4650 461 4696 nos
485 4627 615 4699 iniuste
638 4644 719 4701 ante
738 4634 993 4722 cognitionem,
1019 4650 1053 4705 et
1076 4634 1207 4705 iniuste
1254 4632 1321 4716 cis,
1347 4631 1597 4715 emendentur,
1617 4642 1659 4698 ut
1673 4624 2021 4699 coustatCanonicos
2035 4629 2244 4725 plaerosque

215 4729 458 4799 crudelitatem
487 4731 639 4801 exerceri
670 4735 775 4804 rebus
810 4737 973 4806 nondum
1002 4736 1207 4808 diiudicatis
1254 4735 1396 4826 ignaros
1426 4754 1499 4802 esse
1520 4731 1701 4802 doctrinae
1723 4724 1877 4817 Christi,
1907 4725 2064 4802 Ethnica
2088 4731 2245 4824 profani·

213 4855 297 4901 vero
310 4827 487 4902 Ecclesiae
500 4833 643 4907 iudicio.
1254 4849 1326 4908 tate
1345 4846 1611 4905 contemnentes
1639 4833 1865 4923 religionem,
1893 4833 2032 4903 deditos
2061 4833 2244 4905 obscoenis

313 4931 495 5004 Praeterea
510 4936 617 5006 multi
632 4961 673 5006 ex
689 4935 774 5026 ipsis
794 4938 910 5009 sciunt
925 4940 1123 5010 doctrinam
1139 4964 1207 5011 no-
1253 4937 1507 5030 voluptatibus.
1558 4933 1719 5030 Cumque
1734 4936 1922 5027 praecipua
1941 4948 1975 5006 et
1994 4937 2143 5028 propria
2165 4960 2243 5008 cura

211 5033 368 5105 stratoni
394 5033 652 5125 Ecclesiarum,
688 5038 781 5110 sicut
813 5041 853 5109 in
879 5037 1206 5115 Ecclesiis'nostris
1253 5064 1327 5111 esse
1353 5037 1584 5128 collegiorum
1608 5039 1767 5118 deberet,
1801 5039 1928 5107 docere
1949 5033 2190 5128 Evangelium
2214 5051 2244 5109 et

209 5138 444 5230 proponitur,
476 5154 511 5211 et
540 5141 630 5212 sicut
653 5164 730 5211 earn
750 5142 821 5212 iam
851 5167 954 5236 saepe
981 5144 1020 5213 in
1041 5142 1206 5216 Comitiis
1252 5145 1292 5213 in
1323 5141 1396 5212 suis
1423 5141 1644 5212 dioecesibus
1671 5163 1885 5232 propagare,
1925 5139 2157 5212 manifestum
2187 5155 2244 5228 ut,

209 5239 360 5316 confessi
374 5265 496 5313 sumus
519 5256 552 5313 ct
567 5243 838 5329 declaravimus,
864 5260 898 5315 et
923 5247 1044 5316 dextre
1067 5272 1108 5317 ac
1129 5272 1204 5318 non
1252 5244 1413 5318 omnium
1444 5243 1597 5312 maxime
1625 5242 1671 5313 ab
1705 5243 1755 5313 eis
1770 5240 1917 5331 'negligi
1940 5254 1974 5313 et
1997 5244 2246 5333 superbissime

209 5345 426 5418 calumniose
443 5344 658 5416 intellectam
674 5370 794 5416 veram
814 5361 848 5417 et
864 5347 1037 5419 sinceram
1052 5344 1204 5420 catholi-
1251 5345 1431 5420 contemni
1447 5370 1577 5416 munus
1592 5345 1755 5418 docendi.
1814 5342 1924 5415 Initio
1939 5343 2088 5434 collegia
2105 5347 2248 5418 fuerunt

208 5470 269 5519 cae
284 5443 354 5516 Dei
376 5443 554 5516 Ecclesiae
577 5449 789 5518 sententiam
813 5474 897 5520 esse.
950 5448 1091 5543 Quodsi
1113 5448 1202 5545 Epi·
1250 5447 1494 5521 honestissimi
1516 5462 1635 5519 coctus
1656 5446 1959 5518 sanctissimorum
1987 5447 2247 5532 eteruditissi-

206 5550 303 5641 scopi
336 5572 457 5619 veram
491 5549 690 5621 doctrinam
722 5546 963 5625 Ecclesiamm
997 5567 1201 5628 nostrarum
1251 5575 1393 5625 morum
1413 5545 1602 5622 hominum
1628 5564 1704 5623 toto
1733 5549 1819 5621 orbe
1842 5562 2019 5621 terrarum
2039 5550 2246 5626 docentium
