4868 6420
198 4669 209 4685 .
297 4652 443 4702 munem
458 4625 618 4696 salutern.
666 4615 764 4686 Beue
780 4619 869 4692 vale.
891 4619 950 4687 die
967 4617 1027 4690 24.
1045 4617 1136 4688 Maii
1155 4618 1263 4694 1544.

291 369 368 444 tte
875 363 1312 450 nutsnonanuu
1363 365 1564 454 munt
1616 369 1748 456 1644.

306 538 501 615 nasute.
1112 542 1272 614 aanor
1338 541 1405 615 No.
1422 543 1537 621 2949.

300 637 513 676 m
1110 636 1518 671 Um„

658 739 695 826 I.
732 733 928 850 Stigelio.
1692 743 1743 831 F.
1768 745 1977 855 Myconio.

337 932 341 940 ι
364 901 472 974 Stigelii
486 898 581 974 poim-
598 897 632 957 T.
645 898 692 956 ΙΙΙ.
711 899 801 958 Dans.
820 918 864 972 ep.
879 901 921 955 to.
939 899 1001 958 cod.
1016 898 1100 963 Gotb.
1117 901 1177 958 188.
1191 920 1233 977 sp.
1244 902 1288 960 ts.
1442 903 1462 970 †
1483 900 1505 956 ll
1522 902 1632 960 collect.
1650 902 1779 962 Bellenst.
1799 907 1831 963 V.
1848 906 1871 961 l.
1889 924 1914 978 p.
1932 907 1990 961 tot.

296 1049 632 1141 Clarissimum,
650 1047 853 1125 eruditione
875 1061 907 1122 et
924 1049 1053 1123 virtute
1066 1053 1289 1150 praestanti,
1340 1034 1565 1114 Clarissimo
1587 1044 1664 1117 viro
1684 1045 1885 1151 eruditione
1908 1056 1942 1119 et
1966 1046 2101 1146 pietate
2123 1051 2333 1146 praestanti

296 1153 352 1235 D.
367 1155 396 1229 I
402 1153 546 1229 oanni
558 1152 785 1249 Stigelio,
809 1147 1024 1253 Professori
1038 1150 1190 1249 linguae
1205 1150 1289 1227 Lu·
1340 1141 1396 1222 D·
1420 1137 1674 1218 Frt'dert'co
1695 1143 1941 1245 Myconio,
1968 1145 2122 1222 Pastori
2140 1148 2331 1226 Ecclesiae

298 1258 400 1332 tinus
424 1259 464 1330 in
483 1253 684 1328 Acodeuu'u
708 1253 1044 1349 thenhergeusi,
1069 1257 1189 1329 amico
1210 1281 1289 1345 suo,
1492 1240 1710 1334 G⁰ll¹m¹⁰02
1737 1249 1857 1323 0Μῖΰο
1882 1275 1951 1322 3ϋο
1977 1250 2189 1342 carissimo,

689 1426 694 1430 ·
734 1352 775 1432 S·
798 1352 853 1426 D·
1340 1358 1386 1448 S·
1403 1382 1449 1460 D.
1500 1382 1555 1456 De
1578 1388 1959 1478 conventureodigna
1984 1402 2179 1461 memoratu
2200 1391 2247 1460 ad
2270 1413 2329 1487 ms

298 1475 425 1568 Deum
440 1505 622 1562 aeteruum
635 1487 777 1559 Patrem
792 1486 940 1558 Domini
957 1489 1069 1557 nostri
1087 1486 1166 1560 lesu
1181 1486 1290 1561 Chri·
1340 1487 1470 1576 scripta
1511 1501 1580 1571 est,
1622 1488 1784 1559 futurum
1816 1490 1927 1558 alium
1963 1506 2175 1561 conventum
2210 1515 2330 1562 mense

298 1598 443 1679 stioro,
466 1590 687 1672 conditorem
703 1589 880 1659 societatis
899 1582 1093 1674 humanae,
1118 1605 1153 1660 et
1167 1604 1290 1661 aucto·
1341 1577 1509 1666 Octobri,
1548 1589 1588 1656 in
1609 1613 1679 1681 quo
1700 1591 1779 1659 vult
1802 1580 1965 1660 Carolus
1990 1589 2186 1685 Imperator
2208 1591 2328 1684 pertici

299 1721 376 1770 mm
387 1693 618 1765 admirandae
640 1691 911 1784 procreationis,
937 1714 1007 1781 qua
1023 1692 1120 1760 nasci
1137 1692 1289 1785 vultlae-
1340 1683 1524 1757 inchoatas
1546 1689 1750 1778 dogmatum
1774 1691 2058 1777 conciliationes,
2083 1709 2143 1764 aut
2165 1716 2329 1784 pronun-

298 1815 437 1872 ternam
451 1791 665 1871 Ecclesiam,
689 1805 730 1861 ut
746 1806 808 1863 tuo
832 1791 995 1880 coningio
1011 1793 1144 1877 faveat,
1163 1794 1232 1863 tibi
1254 1807 1290 1862 et
1339 1789 1492 1860 tiaturus
1507 1803 1559 1859 cst
1572 1790 1665 1880 ipse,
1690 1792 1778 1883 quid
1792 1795 1834 1861 de
1849 1793 2020 1882 religione
2031 1791 2231 1864 Germanos
2246 1816 2328 1863 sen-

300 1898 443 1987 coniugi
457 1909 539 1966 tuae
558 1889 823 1963 honestissimae
838 1892 949 1975 adsit,
971 1916 1033 1961 vos
1048 1907 1145 1982 regat
1166 1908 1200 1963 et
1213 1918 1288 1964 scr·
1340 1889 1519 1964 tirevelit.
1569 1885 1686 1961 Audis
1705 1915 1837 1962 novum
1854 1906 1887 1962 et
1905 1894 2113 1965 inusitatum
2128 1897 2327 1987 exemplum

299 2016 359 2074 va
378 2014 414 2070 et
433 2009 574 2089 pectora
589 2008 704 2063 vestra
725 2005 911 2062 connectat
924 2016 1005 2061 vera
1022 2008 1056 2062 et
1071 2008 1213 2065 aeterna
1225 1996 1289 2065 be.
1340 1990 1607 2061 dlludlcttllonlt
1649 1995 1969 2064 controversiarum
2006 1992 2193 2069 Ecclesiae.
2257 1995 2331 2069 Sed

272 2098 520 2181 nevolentia,
552 2119 622 2188 qua
644 2094 816 2168 fruamini
836 2093 921 2162 laeti
944 2119 984 2162 ac
1006 2096 1212 2189 tranquilli,
1249 2098 1288 2164 in
1340 2088 1455 2160 Deum
1487 2114 1647 2172 oremus.
1686 2107 1728 2165 ut
1758 2091 1932 2165 Ecclesios
1964 2119 2044 2166 suas
2069 2112 2166 2190 regat
2198 2110 2234 2169 et
2265 2099 2329 2168 de·

299 2201 477 2285 bacvita,
499 2197 589 2268 etin
609 2195 762 2270 coelesti.
813 2191 945 2282 Magna
968 2208 1051 2264 sunt
1071 2198 1288 2286 praesentiae
1338 2193 1471 2264 tendat.
1860 2222 1862 2226 ·

298 2297 584 2379 Deiteetimonia
607 2297 645 2365 in
663 2292 835 2366 bocvitae
851 2317 995 2383 genere,
1021 2321 1111 2387 quae
1127 2298 1289 2369 conside·
1441 2290 1654 2364 Confirmari
1680 2318 1801 2366 vocem
1824 2311 1921 2370 tuam
1946 2301 2099 2388 gaudeo,
2124 2316 2229 2397 teque
2255 2323 2330 2370 ma

294 2429 385 2478 ‚rsus
406 2399 517 2491 magis
542 2421 660 2467 amare
682 2392 750 2465 hoc
771 2395 888 2484 ipsum
906 2396 996 2464 vitae
1010 2419 1120 2485 genus
1143 2412 1178 2468 et
1201 2423 1289 2469 cou-
1340 2416 1495 2485 gnopere
1510 2418 1593 2479 oro,
1618 2409 1658 2466 ut
1674 2395 1817 2467 dicendi
1832 2401 2097 2470 contentionem
2115 2403 2219 2490 vites,
2237 2426 2328 2496 qnae

298 2509 417 2598 iugem
436 2499 594 2572 debebis.
644 2495 722 2565 Nisi
743 2519 800 2563 me
815 2493 973 2588 Respub.
991 2499 1089 2566 dorni
1112 2500 1290 2585 retinebit,
1341 2507 1377 2564 et
1399 2496 1603 2586 pulmonem
1628 2493 1853 2568 ettracbeam
1870 2501 2034 2570 arteriam
2051 2504 2211 2577 desiccat.
2264 2501 2329 2572 vi.

298 2608 442 2682 veniam
462 2604 507 2673 ad
530 2597 697 2689 Nuptiale
724 2620 882 2681 sacrum,
913 2610 949 2666 et
971 2600 1126 2668 adferam
1151 2597 1290 2670 Acade·
1341 2596 1418 2681 des,
1443 2597 1596 2690 quietem
1619 2592 1789 2670 hactenus
1811 2601 1878 2668 tibi
1892 2603 2083 2692 proluisse,
2107 2618 2141 2675 et
2162 2606 2327 2698 profutu-

298 2688 547 2782 miaemunus.
590 2697 792 2770 Nuucvero
808 2697 911 2768 mitto
929 2699 996 2768 tibi
1011 2699 1138 2788 viginti
1154 2725 1289 2787 aureos,
1340 2720 1420 2766 rurn
1435 2699 1600 2789 deinceps
1617 2721 1729 2790 spero.
1780 2698 2044 2793 Propositiones
2061 2707 2242 2796 proximae
2255 2707 2329 2778 dis-

299 2824 460 2902 acceptos
480 2831 501 2874 a
523 2815 646 2872 nostro
670 2811 853 2893 quaestore
880 2794 1026 2868 Iouune
1046 2795 1197 2889 Rhose,
1236 2798 1289 2873 td·
1340 2795 1579 2892 putationis*)
1607 2799 1673 2870 tibi
1696 2800 1816 2887 mitto,
1841 2822 1992 2896 quarum
2015 2806 2203 2877 lectionem
2226 2832 2328 2902 spero

300 2935 372 3009 que
391 2930 498 2998 rogo,
528 2915 570 2975 ut
597 2896 686 2969 mibi
710 2924 817 2993 quam
840 2902 996 2992 priorum
1019 2903 1209 2991 significes,
1242 2926 1288 2973 an
1339 2898 1406 2969 tibi
1420 2900 1545 2969 maiori
1559 2900 1733 2991 voluptati
1754 2904 1848 2984 fore,
1874 2929 1980 2997 quarn
2003 2907 2150 2978 fabellas
2171 2934 2328 2982 conveu-

299 3011 451 3086 nuntius
473 3003 625 3074 fideliter
643 3000 850 3071 reddiderit.
900 2999 954 3071 De
972 3003 1187 3093 collegarum
1206 3028 1287 3096 erga
1338 3013 1407 3075 tus.
1454 2998 1553 3070 Bene
1569 3003 1659 3077 vale.
1681 2999 1790 3077 ato.
1805 3003 1908 3074 Maii.

299 3129 335 3188 te
354 3106 600 3182 voluntatibus
620 3102 813 3173 sciscitatus
831 3123 909 3171 sum
932 3103 1140 3192 diligenter,
1166 3130 1206 3176 ac
1228 3106 1288 3174 in·
1794 3101 1984 3200 Philippus
2003 3105 2277 3185 Melancbtlron.

298 3213 423 3298 venio,
458 3221 584 3284 totam
599 3204 699 3274 illam
718 3203 877 3272 fabulam
900 3206 1177 3276 commentitiam
1202 3230 1286 3281 esse.
1526 3225 1533 3237 ‘

299 3312 438 3388 Omnes
457 3311 503 3380 de
526 3321 580 3396 te,
605 3305 702 3398 quod
726 3299 817 3371 mihi
833 3326 914 3373 vere
934 3298 1123 3376 affirmanti
1146 3309 1286 3378 credere

297 3430 417 3513 potes,
441 3421 602 3482 amanter
623 3418 658 3475 et
674 3399 869 3473 honorilice
890 3404 1059 3480 sentiunt.
1117 3405 1165 3478 Et
1190 3433 1287 3479 nuuc

297 3519 443 3615 quidem
468 3512 509 3581 in
524 3520 600 3579 toto
620 3517 742 3575 nostro
758 3516 859 3575 coetu
873 3505 1051 3575 neminem
1068 3530 1141 3578 esse
1156 3509 1287 3597 iudico,
1337 3483 1531 3610 Q·

297 3620 357 3693 cui
373 3612 566 3688 discordias
580 3621 642 3680 aut
653 3606 799 3677 dissidia
813 3629 928 3677 serere
944 3608 1063 3681 libeat.
1103 3609 1176 3680 Nec
1189 3623 1287 3703 puto,

297 3721 432 3794 aulicos
445 3711 599 3806 nuptiali
613 3726 673 3781 tuo
693 3707 846 3798 tempori
859 3703 1089 3797 stomachari,
1108 3715 1204 3804 quod
1219 3713 1287 3783 ali·
1606 3682 1756 3799 Georg.
1785 3685 2058 3797 lp'lltttlolt'o.

298 3820 505 3919 quantisper
521 3811 634 3893 absis,
649 3809 852 3900 praesertim
866 3833 948 3880 cum
963 3812 1107 3895 norint,
1131 3836 1209 3899 eos,
1223 3814 1286 3907 qui

298 3923 434 4000 adsint.
463 3914 675 3984 mediocrem
705 3909 944 3979 assiduitatem
968 3925 1153 4000 praestare.
1212 3913 1285 3986 Nec
1600 3996 1607 4002 ,-

184 4080 191 4093 .
248 4060 251 4064 ·
298 4023 423 4096 aulicis
448 4013 609 4089 iudiciis,
648 4012 709 4079 sed
735 4034 817 4079 vera
842 4010 979 4080 ratione
1010 4014 1199 4084 metiamur
1232 4039 1285 4101 ea,
1336 4011 1494 4087 Illustri
1517 4025 1548 4086 et
1574 4011 1783 4112 Magnifice
1810 4020 1899 4106 viro,
1925 4007 2094 4098 Domino
2121 4024 2327 4130 Georgio

299 4122 551 4221 quaengimus.
590 4109 667 4201 Ego
682 4110 842 4195 fideliter,
866 4113 930 4182 ubi
944 4126 1079 4203 potero,
1102 4116 1284 4201 obsistam,
1352 4111 1636 4214 Lythalsly
1662 4111 1883 4192 Castelluno
1909 4119 2127 4218 Laudensi,
2149 4144 2312 4231 patrono

297 4250 344 4297 ne
360 4225 454 4295 ullae
476 4220 569 4287 inter
589 4236 655 4283 nos
669 4212 864 4282 discordiae
881 4215 1095 4299 excitentur,
1116 4239 1156 4285 oc
1176 4218 1284 4286 fuisse
1703 4243 1772 4292 suo
1796 4219 1955 4301 colendo.

298 4349 378 4398 mea
395 4315 855 4406 00¹¹⁸5152⁸⁶¹¹¹P⁰¹2⁰¹¹¹¹¹l¹¹
873 4309 1003 4400 “lullae
1017 4331 1092 4386 “¹¹¹¹
1109 4318 1147 4385 in
1160 4313 1283 4388 ΜΨ
1334 4325 1380 4416 S·
1407 4342 1453 4420 D.
1505 4344 1659 4417 Illustris
1679 4362 1713 4416 et
1735 4353 1917 4440 magnifice
1939 4356 2094 4433 domine.
2152 4337 2238 4436 Non
2259 4369 2325 4441 du-

299 4428 373 4512 siis,
388 4410 680 4517 συμβιβᾶῡῖῑκα»
697 4415 802 4533 mtffffi
816 4417 972 4486 indicare
986 4430 1142 4506 P⁰⁵⁸¹¹¹¹¹·
1168 4416 1283 4489 Deum
1335 4447 1429 4525 bito,
1451 4447 1540 4539 quin
1554 4471 1618 4538 pro
1642 4461 1702 4518 tua
1721 4455 1906 4541 prudentia
1924 4456 2017 4528 inter
2032 4475 2187 4536 caeteras
2204 4470 2323 4563 reipu-

298 4553 381 4612 010,
405 4540 445 4597 ut
461 4532 597 4592 montet
613 4530 647 4587 el
663 4517 780 4585 tludffl
802 4530 922 4587 11⁰⁸lr³
937 4521 1108 4605 gul'efflel
1122 4522 1166 4588 ad
1186 4544 1284 4589 ⁰⁰¹⁰·
1336 4548 1449 4617 blicae
1462 4562 1577 4639 portes
1590 4549 1695 4618 etiam
1709 4553 1826 4622 studia
1842 4555 2033 4630 iuventutis
2055 4569 2188 4636 tuenda
2208 4584 2246 4642 et
2266 4598 2325 4643 or-

1335 4650 1453 4718 nanda
1474 4650 1570 4719 bono
1593 4650 1822 4736 gubernatori
1837 4669 1979 4730 statuas.
2031 4661 2326 4762 Quaresperavi,

1337 4763 1370 4822 te
1384 4774 1458 4818 non
1474 4750 1645 4839 gravatim
1662 4753 1866 4826 auditurum
1881 4783 1953 4827 esse
1967 4785 2106 4834 causam
2119 4771 2322 4846 odolescen-

301 4869 304 4879 ’
397 4870 650 4947 Pudicissirnae
668 4865 832 4968 Sponsae
846 4866 988 4942 Clarias,
1006 4869 1073 4938 viri
1091 4867 1235 4939 loannis
1337 4851 1382 4922 tis
1396 4843 1600 4968 Morinchi
1607 4906 1617 4934 ,
1639 4854 1739 4922 cuius
1761 4859 1876 4926 studia
1897 4885 1976 4929 cum
1992 4861 2325 4949 Reverendissimus

755 4970 904 5060 Stigelii.
1337 4949 1533 5043 Eptscopus
1555 4950 1805 5026 Posnaniensis
1823 4975 1915 5030 certa
1939 4966 2109 5054 pensione
2135 4975 2324 5065 adiuverit,

420 5089 603 5170 Coniugium
625 5095 757 5148 restrum
780 5085 820 5147 sit
840 5084 917 5147 lelix
938 5081 1059 5147 nurnine
1084 5084 1213 5166 Christi,
1336 5075 1433 5122 ΠΜ
1452 5055 1496 5122 ‘¹⁸
1518 5053 1656 5124 d⁰¹¹¹l¹¹l
1679 5059 1878 5147 P¹⁰mi⁵⁵l82
1900 5081 2086 5161 P⁰Slquatn
2109 5070 2213 5145 illurn
2226 5075 2324 5152 Deus

422 5177 515 5257 loque
537 5175 602 5236 Deo
623 5171 664 5233 sit
685 5189 770 5232 meus
791 5188 870 5248 nnn,
901 5171 940 5234 eit
962 5189 1039 5232 unns
1063 5187 1157 5233 aruer.

255 5306 257 5310 ·
349 5278 538 5371 Philippus
554 5289 651 5369 optat
664 5275 740 5345 viro
763 5275 916 5366 optimo,
944 5289 978 5346 et
992 5274 1122 5345 Poetae
1138 5276 1285 5366 optimo,

397 5380 525 5452 loanni
536 5377 704 5467 Stigelio,
721 5387 756 5446 et
770 5376 1018 5469 pudicissimae
1026 5375 1182 5469 Sponsae
1199 5378 1285 5464 eius,
1362 5363 1946 5494 .*)ffiqfffflfifigmfiffffiffihi⁰d⁰fl⁸⁸
1967 5378 2107 5460 Fabricius
2125 5397 2153 5443 et
2173 5391 2323 5474 ΜΝ

1811 5459 1871 5512 gne
1891 5451 2131 5513 connectebantur.
2167 5460 2236 5520 th.
2249 5466 2322 5524 seri-

399 5483 483 5554 felix
498 5478 715 5570 coniugium·
1404 5513 1449 5573 pto
1465 5504 1539 5574 publ.
1552 5503 1638 5561 Auel.
1651 5503 1671 5560 l.
1685 5525 1711 5578 p.
1725 5505 1792 5562 87²³.
1813 5566 1816 5571 ,

2145 3588 2320 3622 m

1347 3924 1352 3931 ἱ
1405 3860 1482 3930 †Er
1494 3862 1649 3936 apographo
1669 3863 1697 3917 in
1710 3863 1774 3920 cod.
1786 3865 1898 3923 Monac.
1912 3869 1955 3946 58.
1975 3889 2022 3926 uo·
2033 3870 2082 3927 tt.
2095 3890 2124 3946 p.
2143 3872 2226 3930 225⁶.
2321 3912 2327 3927 .

780 4714 968 4810 Philippus
985 4715 1208 4793 lllelantlron.
