4882 6426
219 313 293 386 649
806 317 1244 400 EPISTOLARUM
1297 331 1404 408 LIB.
1433 332 1494 407 lx.
1549 338 1679 413 1545.
2187 340 2262 413 650

218 501 442 573 curaturum,
468 503 506 557 nt
528 514 591 581 per
612 492 706 560 tricos
721 493 860 573 doctos,
886 493 1137 565 conscientiam
1154 497 1210 565 in·
1266 503 1362 573 denti
1395 521 1670 594 conventurum,
1712 524 1745 581 et
1777 510 1962 581 advocavit
1993 509 2188 603 Episcopus
2223 525 2256 580 et

219 609 350 681 tegram
367 585 551 677 habentes,
573 596 782 664 concordiae
797 610 829 666 et
847 598 942 688 pacis
960 610 1128 683 amantes,
1145 623 1211 695 *re—
1264 601 1442 675 Proelatos
1468 621 1502 677 et
1524 611 1628 693 alios,
1655 614 1785 705 quibus
1808 637 1891 681 cura
1915 627 1984 694 est,
2010 629 2051 683 ut
2067 613 2255 704 privilegio

216 694 383 765 formatio
404 691 643 763 Ecclesiamm
668 697 928 783 conscribatur,
963 722 1028 768 nec
1060 723 1126 767 nos
1148 704 1232 769 ex·'
1263 705 1300 773 in
1319 709 1478 777 conciliis
1497 713 1719 800 generalibus
1742 715 1918 782 residendi
1933 729 1967 784 et
1989 715 2179 784 sententias
2198 715 2255 784 di-

218 799 412 868 cludendos
441 797 681 879 existimavit,
732 823 803 891 quo
838 800 958 867 minus
993 801 1209 874 audiremur.
1262 810 1362 876 cendi
1381 826 1533 900 potestas
1556 810 1669 908 est⁸).'
1718 814 2100 886 Circumferturetiam
2123 815 2253 886 inlm-

217 898 286 968 Sed
306 900 334 966 si
352 899 456 965 etiam
477 924 538 988 per
555 922 619 965 nos
642 900 850 968 deliberatio
869 902 948 969 talis
968 897 1206 984 exhiberetur,
1261 911 1360 1000 perio
1387 915 1586 1002 exemplum
1616 917 1736 1007 scripti
1757 915 1959 1002 Pontificii,
1996 922 2041 988 ad
2069 916 2109 991 C.
2131 917 2183 992 M.
2207 915 2251 991 V.

215 1001 331 1069 voluit
353 997 519 1067 omnibus
540 1000 689 1070 statibus
712 1002 773 1068 illa
799 1003 944 1070 consilia
970 1005 1141 1094 proponi,
1173 1019 1208 1074 et
1260 1012 1357 1079 missi
1374 1025 1528 1104 tempore
1545 1013 1672 1085 Gallici
1690 1014 1985 1111 expeditionis⁸),
2008 1021 2102 1113 quod
2121 1021 2251 1088 iniuste
2312 1010 2317 1024 ’

214 1117 375 1174 amanter
403 1115 436 1170 et
464 1096 656 1170 christiana
687 1103 816 1192 pietate
847 1103 969 1197 quaeri
989 1105 1207 1174 'conciliatio-
1258 1114 1420 1201 sugillat,
1445 1113 1485 1187 G.
1509 1115 1560 1189 M.
1587 1117 1652 1202 V.,
1685 1120 1891 1189 labefactare
1914 1136 2081 1206 conatur,
2115 1146 2155 1190 ex
2179 1145 2251 1213 quo

212 1231 293 1279 nem
311 1202 479 1272 Ecrlrslls
492 1204 700 1287 sallutrem,
727 1206 848 1272 doure
861 1205 900 1271 in
918 1207 1073 1293 generali
1092 1207 1205 1277 libero
1258 1216 1301 1281 de
1320 1217 1501 1286 voluntate
1522 1218 1615 1304 eius,
1641 1221 1810 1290 instructa
1836 1236 1909 1297 arte
1932 1236 1967 1291 et
1989 1225 2113 1292 fraude
2129 1224 2249 1291 conie-

160 1368 163 1372 .
214 1321 248 1377 et
267 1301 460 1374 christiano
470 1301 632 1373 Concilio
650 1306 706 1374 vel
719 1305 893 1375 nationali
905 1305 1051 1401 Synodo
1067 1309 1202 1398 integra
1257 1329 1355 1384 ctura
1370 1317 1444 1385 fieri
1460 1333 1591 1408 potest,
1618 1324 1713 1413 quod
1730 1311 1772 1390 ad
1792 1318 2020 1392 christianam
2044 1339 2078 1394 et
2099 1325 2248 1393 liberam

213 1407 414 1479 conciliatio
431 1406 666 1496 perficeretur·
1256 1421 1431 1509 synodum
1447 1434 1481 1489 et
1495 1423 1537 1489 ad
1556 1418 1783 1492 christianam
1804 1425 2089 1495 conciliationem
2105 1439 2249 1494 contro-

315 1523 457 1615 ltaque,
480 1536 521 1591 ut
535 1501 710 1611 ihtelligat
732 1520 771 1595 C.
790 1522 844 1597 M.
860 1521 922 1608 V.,
948 1549 1014 1594 nos
1036 1525 1132 1596 iuxta
1158 1527 1204 1594 il.
1257 1519 1467 1604 versiarum,
1485 1538 1737 1612 congruentem
1754 1522 1971 1614 Evangelio,
1986 1528 2177 1597 inclinatus
2192 1528 2248 1612 sit,

210 1629 272 1699 lud
290 1625 455 1717 Spirense
479 1627 657 1716 decretam
680 1625 867 1695 inclinatos
893 1648 965 1695 esse
989 1630 1031 1695 ad
1053 1629 1148 1718 piam
1170 1642 1205 1697 et
1243 1620 1408 1713 ,denique
1431 1622 1536 1715 quale
1556 1626 1746 1694 concilium
1771 1629 2011 1698 celebraturus
2028 1630 2092 1709 Sil,
2120 1629 2247 1697 Videli-
2274 1707 2277 1711 a

211 1726 440 1799 christianam
462 1726 765 1811 conciliationem,
798 1723 1003 1796 exhibemus
1027 1727 1125 1803 Caes.
1148 1728 1202 1801 M.
1254 1735 1323 1804 cel,
1354 1736 1394 1792 ui
1415 1721 1602 1816 Syuodus,
1629 1741 1802 1820 quantum
1832 1729 1964 1819 inipso
1997 1744 2068 1814 est,
2101 1730 2185 1797 sici
2211 1744 2247 1800 et

209 1831 256 1903 V.
275 1854 353 1898 cum
378 1828 495 1897 debita
523 1829 720 1922 reverentia
743 1831 968 1921 quorundam
989 1828 1200 1913 'docentium
1252 1823 1319 1913 ipsi
1344 1819 1619 1896 adhaerentibus
1642 1829 1906 1918 promitteretur
1926 1855 1946 1900 a
1967 1828 2131 1915 Caesare,
2166 1856 2247 1921 per-

209 1935 247 2001 in
268 1928 436 2000 Ecclesiis
459 1928 590 1998 nostris
621 1944 655 1999 et
678 1931 827 1998 aliorum
852 1930 1019 1999 virorum
1034 1927 1201 2001 honesto·
1251 1925 1389 1994 mlllrrr
1406 1931 1494 2017 quur
1517 1930 1728 2014 utulluulur,
1751 1955 1825 1999 ”⁰¹1
1846 1934 1889 2000 ud
1908 1956 2068 2001 u⁰ruuuu
2083 1929 2246 2021 Evange-

209 2059 310 2117 rum,
339 2033 470 2100 bonam
498 2031 750 2100 conscientiam
783 2026 991 2101 habentium
1019 2047 1053 2102 et
1078 2057 1199 2126 pacem
1251 2026 1290 2093 lii
1308 2027 1368 2094 sed
1392 2031 1437 2095 ad
1458 2051 1558 2098 suam
1574 2032 1794 2102 voluntatem
1817 2029 2087 2128 congrueret⁶),
2112 2057 2177 2102 nec
2199 2034 2245 2102 li-

208 2133 404 2205 amantium
440 2133 732 2201 deliberationem
771 2135 816 2201 de
849 2133 906 2221 pia
939 2134 1199 2214 conciliatione,
1250 2129 1333 2196 bera
1358 2141 1390 2195 et
1406 2153 1515 2221 aequa
1532 2134 1590 2200 sed
1608 2157 1751 2223 prorsus
1767 2135 1927 2224 partialis
1943 2150 2047 2220 esset,
2074 2134 2163 2204 sicut
2177 2159 2243 2203 an-

208 2261 298 2336 qnae
312 2236 354 2305 ad
370 2233 518 2323 gloriam
536 2232 602 2302 Dei
619 2250 653 2305 et
669 2235 815 2302 salutem
832 2234 992 2303 omnium
1014 2237 1199 2326 profutura
1250 2242 1303 2297 lea
1327 2253 1428 2319 saepe
1452 2255 1526 2299 rem
1550 2258 1591 2302 eo
1614 2237 1786 2304 deducere
1807 2250 1953 2305 conatus
1978 2251 2045 2316 0⁵12
2072 2251 2111 2306 ul
2127 2237 2243 2305 lucrm

206 2337 368 2419 videtur,
392 2347 425 2403 et
442 2338 485 2403 de
499 2332 568 2427 qua
584 2345 709 2405 neutra
724 2359 804 2426 pars
818 2336 945 2405 merito
964 2338 1065 2428 queri
1081 2340 1200 2429 possit,
1249 2330 1378 2418 fugiat,
1404 2356 1484 2399 cum
1501 2335 1651 2425 quidem
1662 2352 1695 2406 ct
1709 2335 1875 2405 Pontifici
1890 2339 2079 2429 praecipue
2097 2352 2244 2426 propter

207 2453 241 2524 et
265 2464 342 2508 cum
363 2437 481 2504 debita
508 2437 702 2507 reserentia
728 2461 885 2516 oramus,
913 2452 952 2507 ut
968 2435 1066 2510 Caes.
1085 2438 1136 2511 M.
1154 2438 1198 2510 V.
1249 2432 1491 2500 auctoritatem
1507 2460 1612 2526 quam
1630 2436 1696 2505 sibi
1712 2437 1837 2521 sunrit,
1856 2452 1891 2507 et
1913 2439 2062 2528 singulis
2077 2435 2240 2507 christia·
2350 2525 2352 2529 y

1247 2534 1303 2601 nis
1327 2549 1519 2622 competat,
1548 2539 1720 2608 rationem
1744 2540 1826 2607 fidei
1850 2563 1932 2608 suae
1955 2542 2122 2624 reddere,
2151 2540 2242 2609 sicut

200 2554 349 2632 propter
362 2539 508 2626 gloriam
524 2536 591 2606 Dei
607 2554 640 2608 et
661 2538 807 2607 salutem
823 2538 1007 2607 universae
1023 2536 1199 2609 Ecclesiae

205 2657 240 2713 et
265 2640 467 2732 praesertim
489 2637 720 2710 Germanicae
741 2639 897 2708 nationis
918 2642 978 2710 det
1005 2641 1199 2733 inspicien-

206 2747 343 2813 dumet
361 2742 628 2830 expendendum
640 2738 677 2831 ²)
693 2741 779 2808 viris
795 2741 923 2824 doctis,
949 2766 1024 2810 non
1038 2743 1197 2833 partiali-

144 2848 148 2853 ’
206 2847 293 2928 bus,
326 2843 547 2935 cupientibus
571 2843 752 2911 communi
780 2842 885 2910 saluti
904 2841 1083 2913 Ecclesiae
1111 2869 1196 2913 con-

205 2947 341 3030 sulerc3
368 2970 437 3037 quo
454 2969 494 3012 ex
512 2945 642 3033 scripto
657 2939 752 3012 hand
769 2944 875 3011 dubie
892 2944 1067 3033 intelliget
1083 2944 1123 3018 C.
1143 2944 1195 3013 M.

205 3046 268 3132 V.,
293 3041 473 3115 nosnihil
490 3070 660 3135 quaerere
678 3060 739 3115 aut
764 3058 940 3134 spectare,
966 3048 1035 3113 nisi
1061 3061 1098 3116 nt
1119 3048 1195 3136 glo-

203 3150 257 3218 ria
273 3147 341 3217 Dei
358 3172 439 3218 vere
455 3146 649 3215 celebretur
667 3143 905 3235 et'Evangelii·
920 3148 1047 3216 veritas
1069 3149 1194 3225 luceat,

203 3265 239 3320 et
260 3250 365 3318 saluti
387 3248 585 3317 animarum
612 3260 815 3316 nostrarum
840 3262 874 3317 et
896 3249 1089 3318 multarum
1110 3273 1194 3339 gen-

202 3354 311 3432 tium,
339 3363 372 3419 et
395 3350 515 3417 firmae
538 3349 789 3442 tranquillitati
810 3348 943 3437 patriae
960 3363 1102 3420 nostrae
1125 3347 1195 3421 hu-

202 3457 259 3522 ius
277 3451 510 3522 Germanicae
526 3451 681 3520 nationis
697 3451 913 3523 consulatur.

304 3567 376 3638 Nec
399 3567 503 3635 nobis
528 3557 709 3657 displicet,
742 3566 894 3655 proponi
922 3560 1014 3636 hanc
1035 3582 1190 3637 nostram

201 3670 512 3748 deliberationem,
552 3669 646 3736 bono
678 3667 815 3750 studio,
856 3668 1006 3737 fideliter
1036 3682 1071 3738 et
1098 3671 1190 3738 bona

203 3771 415 3842 conscientia
435 3769 630 3857 scriptam,
671 3769 816 3837 caeteris
853 3765 994 3859 imperii
1030 3771 1192 3852 statibus,

201 3875 263 3968 qiai
289 3897 308 3941 a
335 3871 438 3939 nobis
461 3870 692 3949 dissentiunt,
716 3884 758 3939 ut
781 3895 860 3938 cum
884 3873 1038 3940 candore
1061 3885 1095 3940 et
1116 3873 1191 3942 sine

200 3973 376 4047 calumnia
397 3974 604 4062 expendent.
655 3968 721 4055 Et,
744 3971 772 4038 si
800 3995 906 4063 quam
929 3973 1080 4041 formam
1104 3998 1191 4042 con-

198 4075 459 4148 stituendarum
484 4072 709 4142 ecclesiarum
737 4072 803 4163 ipsi
826 4074 1122 4164 composuissent,
1152 4090 1193 4144 nt

198 4183 235 4249 in
262 4199 396 4246 recessu
422 4173 581 4263 Spirensi
606 4176 785 4243 decretum
809 4187 878 4258 est,
917 4176 1021 4245 nobis
1049 4201 1191 4269 quoqne

200 4305 275 4351 eam
291 4272 476 4368 ostendi³)
492 4274 665 4366 petimus,
690 4289 729 4344 ut
746 4290 905 4344 amanter
921 4278 964 4344 de
980 4299 1116 4347 summa
1137 4281 1189 4347 rei

200 4382 357 4452 conferre
381 4379 476 4446 iuxta
506 4378 595 4445 illud
619 4374 785 4466 Spirense
810 4379 1009 4461 decretum,
1044 4393 1078 4448 et
1104 4405 1189 4450 con-

199 4483 355 4554 cordiam
383 4478 600 4548 constituere
621 4478 807 4567 possimus.

298 4596 450 4680 Verum,
478 4594 748 4663 clementissime
772 4593 985 4685 imperator,
1011 4620 1084 4667 non
1106 4621 1189 4688 pos-

195 4723 318 4774 sumus
342 4693 409 4767 hoe
433 4697 640 4789 praeterire,
665 4697 763 4790 quod
785 4697 1037 4786 intelligimus,
1068 4711 1188 4780 status,

197 4805 261 4899 qui
275 4827 295 4871 a
308 4801 412 4869 nobis
425 4799 657 4883 dissentiunt,
681 4793 749 4867 hoc
765 4823 849 4889 prae
865 4823 902 4867 se
914 4799 1024 4883 ferre,
1048 4824 1085 4870 sc
1098 4795 1188 4869 hanc

196 4906 396 4977 institutam
426 4898 501 4971 aC.
518 4898 567 4970 M.
585 4898 628 4972 V.
652 4900 936 4970 conciliationem
960 4924 1034 4968 non
1056 4902 1189 4969 admis-

194 5032 297 5078 suros
319 5026 392 5072 esse
418 5016 623 5092 propterea,
650 5002 744 5093 quod
760 4995 907 5071 Paulus
922 5001 1065 5087 tertius,
1091 5001 1188 5073 Pon-

193 5110 280 5182 tifex
302 5104 507 5187 Romanus,
537 5103 663 5172 iterum
688 5102 855 5173 indixerit
880 5105 1071 5174 concilium
1104 5103 1187 5173 Tri-

193 5285 403 5308 W·

229 5395 258 5464 2)
277 5394 485 5458 expectandum
504 5389 636 5462 scriptum
651 5401 690 5446 est
704 5391 732 5445 iu
746 5389 811 5446 cod.
824 5388 897 5446 Gall.

181 5483 185 5491 ⁹
227 5495 256 5560 8)
275 5492 417 5552 Scriptum
435 5498 492 5544 ests
508 5491 583 5544 endi.

1247 2657 1312 2703 nos
1329 2636 1371 2701 ad
1391 2635 1426 2702 id
1443 2637 1674 2709 iustissimum
1697 2640 1852 2710 officium
1875 2643 2076 2711 reddendae
2090 2642 2241 2712 rationis

1248 2738 1291 2804 de
1309 2736 1472 2804 doctrina
1489 2740 1712 2808 ecclesiarum
1729 2754 1931 2810 nostrarum
1954 2746 2111 2812 modeste
2132 2756 2166 2811 et
2184 2743 2241 2831 pie

1248 2858 1384 2927 semper
1406 2838 1622 2925 obtulimus,
1657 2854 1690 2910 et
1713 2842 1752 2910 in
1782 2843 1919 2935 aliquot
1943 2844 2177 2912 conventibus
2202 2844 2240 2912 id

1246 2938 1409 3023 fecimus,
1441 2953 1474 3008 et
1496 2938 1615 3011 adhuc
1633 2966 1699 3012 nos
1718 2945 1762 3013 ad
1788 2945 1825 3013 id
1848 2944 2050 3014 faciendum
2065 2969 2184 3014 coram
2199 2943 2239 3016 G.

1246 3036 1299 3110 M.
1312 3037 1352 3111 V.
1370 3063 1409 3107 ac
1425 3042 1573 3111 statibus
1589 3044 1728 3134 imperii
1740 3059 1943 3115 reverenter
1957 3047 2160 3124 offerimus,
2176 3049 2239 3115 de-

1245 3140 1343 3209 lectis
1369 3140 1566 3228 indicibus,
1600 3143 1715 3214 Deum
1739 3148 1966 3232 timentibus,
1998 3149 2137 3240 aequis,
2165 3172 2239 3215 non

1246 3241 1471 3330 partialibus,
1497 3247 1541 3313 de
1563 3247 1783 3316 confessione
1801 3262 1920 3318 nostra
1935 3246 2115 3338 Augustae
2139 3244 2240 3316 exhi-

1244 3343 1317 3412 bita
1333 3343 1443 3439 bruris
1460 3358 1493 3414 et
1503 3347 1696 3438 perspicuis
1711 3349 1923 3419 testimoniis
1938 3353 2134 3442 scripturae
2151 3374 2239 3440 apo-

1243 3444 1386 3611 qltolicae
1403 3449 1535 3516 tuenda
1551 3452 1719 3520 adversus
1732 3438 1865 3542 Papam
1883 3464 1916 3521 et
1931 3450 2111 3522 Praelatos
2128 3452 2159 3519 ei
2175 3454 2238 3521 ad-

1269 3559 1435 3619 aerentes.

1343 3644 1413 3715 Sed
1439 3672 1480 3716 ex
1505 3647 1606 3734 Pauli
1622 3649 1804 3721 Pontificis
1828 3653 1959 3744 scripto
1980 3654 2024 3721 ad
2043 3653 2082 3725 C.
2097 3653 2149 3724 M.
2166 3652 2238 3721 Ve-

1241 3760 1347 3816 stram
1380 3746 1418 3815 in
1445 3746 1601 3819 Galliam
1626 3754 1733 3822 misso
1767 3755 1848 3823 satis
1873 3758 2040 3846 adparet,
2081 3781 2161 3824 enm
2188 3756 2236 3824 ita

1240 3849 1519 3938 gubernaturum
1536 3876 1609 3921 esse
1630 3855 1840 3939 concilium,
1866 3869 1906 3925 ut
1927 3857 2031 3926 nobis
2055 3872 2088 3927 et
2115 3857 2239 3944 legatis

1241 3950 1372 4018 nostris
1397 3952 1617 4039 absentibus,
1651 3956 1713 4048 qui
1738 3969 1771 4026 et
1794 3959 2050 4028 confessionem
2079 3973 2236 4028 nostram

1241 4049 1337 4141 piam
1350 4052 1457 4137 tueri,
1474 4067 1508 4124 et
1523 4058 1734 4126 contrariam
1751 4057 1860 4149 ipsius
1874 4060 2072 4128 doctrinam
2090 4061 2236 4148 impiam

1241 4153 1389 4222 refutari
1416 4168 1548 4239 essent,
1574 4158 1670 4228 iuxta
1692 4162 1899 4230 mandatum
1916 4159 2036 4229 Pauli:
2062 4158 2099 4230 si
2113 4157 2237 4258 sunu

1240 4247 1382 4323 sedenti
1404 4253 1599 4325 revelatum
1626 4267 1743 4343 taceat
1765 4258 1889 4357 prior,
1916 4262 1990 4352 ipse
2013 4278 2127 4333 tamen
2154 4285 2234 4331 cum

1235 4351 1428 4446 'Episcopis
1456 4371 1489 4427 et
1504 4356 1674 4430 Praelatis
1697 4358 1989 4447 adhaerentibus,
2016 4365 2077 4456 qui
2100 4365 2237 4453 praeci-

1240 4456 1304 4547 pui
1319 4469 1354 4525 et
1369 4459 1587 4527 infestissimi
1603 4464 1793 4531 adversarii
1808 4478 1907 4546 sunt,
1933 4473 2102 4558 tanquam
2118 4461 2235 4534 hostes

1240 4582 1344 4627 verae
1365 4560 1565 4646 doctrinae,
1590 4563 1697 4632 simul
1716 4566 1802 4634 velit
1827 4579 1944 4635 tamen
1963 4580 1998 4636 et
2012 4567 2235 4634 adversarius

1241 4672 1274 4727 ct
1294 4659 1400 4760 iudex
1424 4684 1515 4746 esse,
1542 4664 1587 4731 de
1609 4665 1711 4734 vobis
1732 4680 1765 4736 et
1790 4667 1833 4735 de
1852 4667 2067 4755 gravissimis
2090 4682 2237 4735 contro·
2298 4756 2303 4767 ·

1240 4761 1363 4830 versiis
1389 4778 1511 4833 contra
1535 4766 1655 4834 omnia
1680 4767 1820 4851 divina,
1851 4768 2026 4836 naturalia
2050 4783 2083 4838 et
2105 4771 2233 4858 scripta

1241 4861 1337 4944 iura,
1362 4876 1398 4932 et
1413 4879 1534 4935 contra
1551 4891 1774 4936 communem
1795 4891 1954 4947 sensum,
1981 4895 2062 4938 cum
2086 4871 2234 4963 quidem

1240 4977 1272 5031 et
1287 4963 1472 5034 Pontificio
1494 4966 1592 5053 iura,
1616 4970 1844 5061 quantumvis
1865 4970 2081 5061 pontificiam
2105 4967 2236 5041 autho·

1245 5145 1453 5174 *q

1272 5250 1299 5318 4)
1317 5253 1354 5304 sit
1372 5253 1545 5309 scribendum
1565 5255 1673 5312 fuisset.
2214 5279 2219 5287 ‘

1273 5340 1299 5406 ⁵)
1320 5338 1441 5406 Epistola
1456 5341 1597 5397 Pontificis
1608 5345 1640 5397 ad
1657 5345 1789 5401 Carolurn
1803 5346 1864 5402 data
1877 5346 1904 5402 8.
1918 5345 2034 5403 calend.
2046 5346 2141 5421 septb.
2169 5348 2223 5403 Viti

1306 5406 1425 5462 Sleidaui
1441 5422 1588 5466 comment.
1603 5431 1632 5484 p.
1641 5415 1691 5468 451
1703 5433 1745 5487 tq.

1271 5493 1301 5564 6)
1317 5493 1457 5566 Descripsi
1478 5505 1507 5551 ut
1525 5497 1672 5568 leguntur,
1684 5503 1732 5556 ced
1750 5501 1881 5559 mendosa
1898 5502 2036 5559 ridentur.
2093 5577 2098 5584 Ι
