4868 6420
290 324 405 474 xgt
709 336 712 341 ·
773 402 776 409 Ι
903 298 1177 379 ANNALES
1212 301 1398 379 VITAE
1424 303 1557 386 Mun.
1613 308 1746 391 1545.

317 510 376 571 11,
425 483 567 547 Formam
582 478 761 545 Consistoni
775 480 896 547 Witeb.
915 488 1089 566 scripserat,
1116 506 1193 568 quae
1206 506 1278 546 vero
1293 507 1334 546 ex
1348 490 1418 548 aula
1435 489 1511 552 redit
1527 492 1613 554 valde
1630 505 1754 556 mutata.

319 631 381 695 16.
428 616 553 682 Calculo
572 619 697 680 laborat.
1415 594 1423 599 ¹

314 764 375 829 18.
427 754 573 818 Defendit
588 776 619 816 se
634 772 782 837 suosque,
809 773 840 812 se
852 772 915 813 non
932 772 995 813 essa
1013 751 1176 815 desertores
1188 748 1340 815 Ecclesiae
1355 750 1426 817 Dei.

315 900 374 962 21.
428 888 571 953 Vincitur
586 901 616 950 et
630 892 745 969 capitur
760 884 909 947 Henricua
923 882 1093 948 Brunswio.

317 1021 387 1095 24.'
430 1023 682 1104 Witcbergenses
697 1024 843 1082 nsmcium
859 1023 1012 1101 accipiunt
1027 1019 1064 1079 de
1082 1032 1168 1101 capto
1185 1019 1320 1083 Henrico
1336 1019 1475 1084 Brunsw.

318 1166 376 1231 29.
426 1154 588 1222 Intercedit
602 1178 657 1239 pro
676 1155 789 1237 oppido
807 1153 978 1216 Helmstiidt
991 1154 1072 1234 apud
1086 1158 1224 1215 victores.

317 1302 376 1366 31.
428 1289 576 1374 Magnum
590 1290 764 1353 incendium
778 1284 905 1351 Gothce.

303 1428 382 1495 Nov.

344 1537 377 1599 9.
430 1522 612 1589 Consolatur
628 1516 833 1584 Camerarium
848 1517 885 1578 de
900 1530 997 1578 morte
1013 1518 1122 1583 fratris.

429 1657 499 1719 Hoc
517 1677 619 1718 mense
631 1664 747 1730 enarrat
760 1650 924 1741 Ptolemaei
941 1647 1212 1733 Quadripertitutn.

288 1798 384 1864 Decb.

350 1910 381 1969 1,
432 1884 585 1951 Promittit
605 1880 682 1944 Vito
707 1879 871 1943 Theodoro
893 1877 1112 1960 praefationem
1134 1884 1167 1938 in
1186 1874 1318 1940 Lutlseri
1337 1883 1555 1938 enarrationem
1576 1877 1688 1940 Psalmi
1701 1874 1744 1943 Il.
1768 1886 1893 1944 scribere
1917 1895 1947 1946 et
1969 1888 2106 1963 mittere,
2150 1908 2241 1967 quam
2264 1892 2334 1954 vide

482 1990 511 2049 d.
526 1987 586 2056 26.
602 1982 691 2047 Mart.
714 1982 823 2049 1546.

344 2143 378 2206 8,
430 2124 487 2186 His
500 2122 605 2184 diebus
618 2117 815 2196 Witebergae
828 2114 889 2175 luit
905 2109 1050 2175 Albertus
1066 2109 1142 2175 Dux
1156 2114 1302 2177 Prussiae.
1356 2111 1542 2177 Camerarius
1558 2110 1683 2198 Lipsiae
1698 2117 1736 2178 ad
1752 2141 1822 2181 eum
1839 2125 1921 2183 venit
1935 2118 2157 2204 Witebergam.

322 2280 379 2341 13,
428 2252 593 2321 Inchoatur
608 2254 773 2315 concilium
786 2246 1010 2311 Tridentinusn.

431 2392 545 2475 Agitur
560 2389 597 2450 de
611 2384 808 2449 Melanthcne
822 2381 970 2443 mittendo
984 2381 1021 2443 ad
1037 2385 1228 2466 colloquium
1240 2379 1397 2444 Ratisbon.
1943 2356 1963 2397 Χ

431 2525 573 2607 Cruciger
588 2533 687 2583 narrat
699 2516 777 2581 Vito
800 2515 983 2595 Theodoro,
1011 2536 1072 2600 quo
1088 2519 1190 2577 animo
1206 2519 1245 2577 sit
1259 2511 1432 2593 Ludimus,
1459 2514 1541 2599 quod
1557 2521 1663 2579 attInat
1677 2516 1715 2578 ad
1729 2516 1897 2580 doctrinam
1913 2521 1949 2581 de
1965 2542 2059 2584 coena
2077 2544 2168 2588 sacra.

321 2680 381 2742 21,
429 2642 721 2824 Propciscitupvcunp
730 2648 868 2714 Luthero
882 2654 992 2712 iterum
1009 2646 1238 2731 llansleldicm‚
1275 2670 1448 2735 quanquam
1467 2651 1638 2715 valetudine
1662 2655 1809 2716 laborans.
1834 2685 1887 2703 —
1932 2652 2098 2738 Scripserat
2125 2672 2234 2723 statuta
2248 2660 2334 2724 Aca-

503 2764 597 2823 emiae
661 2763 702 2837 ite
723 2776 783 2836 erg.

318 2914 379 2976 28.
432 2899 486 2963 Est
500 2897 606 2959 Halae.
631 2926 681 2942 -
721 2885 840 2950 Statuta
853 2887 1019 2947 academiae
1034 2892 1115 2970 typis
1131 2888 1347 2949 exscribuntur.

318 3046 380 3110 26.
431 3033 487 3097 Est
500 3024 708 3094 lllansl'eldioe.

433 3134 587 3233 P¹⁸⁰f⁸lu¹
605 3160 665 3222 ¹¹0⁰
680 3176 758 3218 ΜΟ
773 3159 806 3215 ἱῦ
823 3152 1022 3216 Harmoniam
1038 3155 1075 3216 de
1090 3161 1228 3238 passione
1244 3153 1358 3219 Christi
1372 3175 1390 3213 a
1403 3147 1535 3234 Georgio
1552 3149 1651 3216 Rhaw
1664 3156 1783 3217 ,ditm
