4868 6420
106 270 108 279 ¹
193 333 267 411 aa
777 327 1211 407 nr1sr0nnaun

198 495 360 582 Clariss.
391 503 487 581 Viro
512 501 738 578 Eruditione
769 501 802 578 e‘t
829 504 958 578 virtute
981 503 1194 606 praestanti

206 609 295 685 Wo
305 609 322 682 t
323 612 359 710 s
357 637 448 707 gan
455 637 513 706 go
527 606 585 681 M
591 637 640 682 as
651 634 699 680 ca
711 606 728 680 l
735 635 774 697 o,
799 607 987 708 Episcopo
1002 606 1193 681 Ecclesiae

198 711 460 808 degsastanae,
485 714 548 810 pio
574 723 605 784 et
621 707 738 806 fideli
758 713 876 783 amico
898 712 1193 814 saocarissinro.

198 842 244 932 S.
269 859 313 934 D.
364 858 480 930 Deum
495 876 654 931 eternum
670 858 812 929 Patrem
828 858 976 930 Domini
992 859 1070 931 lesu
1088 854 1194 930 Chri-

201 965 246 1034 sti
261 987 345 1044 oro,
380 977 420 1033 ut
443 975 558 1032 servet
588 957 684 1032 hunc
709 957 968 1055 Heazelium¹)
999 963 1112 1032 civem
1134 986 1195 1031 ve-

202 1079 333 1149 strum,
358 1089 463 1158 quem
479 1089 581 1156 spero
605 1086 732 1152 magno
755 1065 835 1133 usui
853 1079 888 1135 et
905 1076 1113 1133 ornamento
1132 1086 1194 1154 pa-

109 1211 120 1224 .
201 1167 290 1237 triae
312 1170 472 1238 futurum
503 1189 586 1239 esse.
645 1165 845 1236 Meministi
869 1165 1018 1236 Psalmi:
1051 1162 1195 1234 Beatus

204 1266 277 1354 air,
301 1267 368 1365 qai
377 1263 595 1364 pharetram
617 1263 758 1337 talibas
781 1264 864 1337 telis
878 1265 1069 1341 instruxit.
1121 1261 1195 1335 Fe.

205 1367 265 1439 lix
286 1369 415 1439 civitas
442 1367 480 1438 ia
503 1394 577 1467 pua
602 1363 769 1439 homines
784 1367 946 1464 ingeniis
962 1366 1068 1439 bonis
1084 1362 1195 1465 'prae-

205 1467 292 1553 diti,
324 1481 355 1540 et
382 1469 515 1541 titteris
536 1495 580 1540 ac
602 1470 731 1541 virtute
754 1470 925 1540 instructi
943 1481 974 1540 et
995 1467 1120 1540 Deam
1147 1469 1196 1538 ti-

204 1582 338 1643 mentes
363 1569 615 1671 provehantur
644 1569 699 1642 od
731 1569 998 1668 gubernacula.
1066 1573 1193 1642 Talem

204 1691 322 1747 autem
337 1701 410 1746 esse
428 1678 497 1745 iam
512 1672 730 1745 Henzeliam
746 1679 912 1763 adfirmo,
933 1702 973 1746 ac
988 1689 1020 1745 te
1037 1698 1140 1764 rogo,
1156 1687 1195 1744 ut

204 1803 285 1849 eum
300 1792 461 1860 amanter
475 1779 715 1869 amplectaris,
738 1781 941 1869 praesertim
957 1793 1033 1849 tum
1055 1791 1089 1846 te
1105 1802 1195 1869 quo-

205 1906 273 1973 que
298 1881 399 1948 valde
422 1880 556 1968 diligat.
614 1877 807 1950 Ecclesiam
830 1882 869 1948 in
890 1880 969 1971 ripa
991 1879 1150 1948 Danubii
1174 1902 1194 1947 a

205 1996 239 2052 te
262 1983 320 2074 pie
339 1984 565 2051 constitutam
581 2004 654 2050 esse
676 1985 824 2071 gaudeo.
872 1982 1069 2071 Tigurinos
1091 1980 1194 2049 doleo

1263 329 1369 410 LIB.
1403 329 1467 408 lx,
1522 328 1654 408 1545.
2160 320 2240 402 Ι755
2270 308 2274 324 .

1246 521 1376 602 quente
1394 503 1534 592 habita,
1560 507 1717 602 ostendit
1730 505 1982 598 imperatorem
1991 491 2170 575 Carotum
2186 528 2241 575 se-

1246 624 1410 681 cuturum
1435 632 1508 679 esse
1532 608 1672 704 Synodi
1694 610 1924 694 sententiam,
1950 632 2100 701 eamque
2120 609 2239 677 deien-

1245 735 1380 784 surum.
1439 710 1558 781 Huius
1587 712 1784 782 orationem
1812 726 1846 783 et
1869 709 1978 800 Regis
2001 703 2241 780 ttrdtnaodt

1246 815 1379 903 legatus
1401 816 1606 884 subsecutus
1623 827 1685 884 est.
1741 810 1819 883 Etsi
1842 813 1945 882 initia
1970 813 2110 906 aliquid
2125 813 2239 901 magni

1246 918 1480 1008 pollicentur,
1514 928 1632 984 tamen
1654 918 1816 985 nondum
1836 931 1922 1006 puto
1939 916 2134 1008 quicquam
2155 914 2238 983 serio

1247 1041 1349 1107 agere
1369 1014 1459 1098 τοὺς
1484 1013 1683 1113 ἀρχιερέας.
1743 1016 1816 1087 Nec
1840 1030 1957 1087 tamen
1982 1018 2128 1086 animus
2148 1039 2238 1087 meus

1247 1145 1391 1211 prorsus
1401 1145 1484 1190 cura
1501 1121 1592 1189 liber
1602 1133 1662 1189 est.
1685 1119 1820 1189 Verum
1836 1119 1984 1188 memini
2000 1115 2098 1188 hanc
2112 1142 2238 1204 vocem,

1248 1247 1364 1313 nuper
1386 1247 1405 1291 a
1430 1236 1463 1291 te
1487 1246 1629 1314 quoque
1651 1217 1741 1290 mihi
1767 1223 1966 1306 recitatam,
2001 1220 2098 1293 lacta
2127 1244 2239 1291 curam

1249 1337 1347 1393 tuam
1363 1324 1400 1392 in
1408 1323 1537 1395 Deum.
1570 1322 1619 1392 Et
1633 1348 1673 1392 ex
1688 1323 1759 1393 tuis
1776 1325 1915 1408 litteris,
1940 1337 2033 1392 etex
2049 1323 2239 1392 amicorum

1248 1426 1453 1495 narratione
1482 1424 1641 1514 intelligo
1673 1422 1855 1495 honestam
1880 1441 1915 1496 et
1938 1426 2120 1518 placidam
2143 1425 2239 1495 fuisse

1248 1522 1495 1618 catastrophen
1510 1540 1707 1615 vestrarum
1725 1529 2012 1613 contentionum,
2034 1529 2074 1596 in
2093 1551 2164 1621 qua
2180 1522 2240 1597 hoc

1248 1626 1340 1697 mihi
1378 1631 1521 1699 videtur
1563 1652 1638 1697 non
1673 1632 1972 1700 contemnendum
2015 1653 2110 1715 esse,
2153 1631 2240 1723 quod

1247 1730 1425 1823 Principis
1439 1733 1614 1802 ‘voluntas
1640 1732 1875 1824 conspicitur,
1910 1756 1990 1823 erga
2020 1731 2240 1802 Academiam

1247 1856 1394 1922 egregia.

1349 1982 1404 2054 De
1419 1977 1567 2053 Dassio
1581 1984 1716 2076 optimo
1732 1986 1808 2055 viro
1828 1986 1954 2055 sariam
1973 2000 2139 2057 accurate
2153 1972 2241 2080 quod

206 2097 240 2154 et
255 2084 486 2153 immoderate
501 2085 741 2173 respondisse,
762 2099 797 2155 et
812 2084 990 2153 miscuisse
1005 2086 1196 2152 absurdam
1250 2085 1358 2176 petis,
1388 2086 1514 2155 vellem
1541 2112 1623 2156 eum
1644 2084 1851 2158 Bavaricam
1879 2089 1979 2157 illam
2001 2090 2243 2162 conditionem

126 2192 128 2196 ’
206 2185 412 2276 opinionem
438 2188 482 2254 de
506 2179 732 2277 Ethnicis²).
784 2186 867 2255 Non
886 2198 938 2255 est
952 2183 1110 2255 Ecclesia
1128 2184 1196 2254 Dei
1250 2209 1350 2255 ame
1372 2187 1442 2280 ipsi
1465 2189 1637 2274 delatam,
1672 2213 1745 2258 non
1768 2206 1994 2280 aspernatum
2019 2215 2107 2265 esse.
2143 2189 2243 2278 ,Nam

206 2288 246 2356 in
275 2312 315 2356 ea
348 2301 467 2371 coetu,
500 2286 564 2356 ubi
587 2298 732 2378 prorsus
757 2289 855 2358 nulla
885 2287 1129 2378 promissionis
1152 2288 1196 2354 de
1250 2289 1310 2356 ille
1334 2303 1454 2360 noster
1475 2285 1680 2374 Ascanius,
1714 2292 1778 2362 etsi
1802 2306 1853 2362 est
1878 2293 2096 2380 virbonus,
2132 2307 2242 2362 tamen

205 2383 348 2458 Christo
372 2389 497 2458 notitia
523 2400 591 2472 est,
620 2391 719 2459 nulla
736 2414 802 2458 vox
822 2386 1028 2478 Evangelii,
1055 2388 1196 2456 nullum
1250 2389 1446 2460 amicorum
1470 2415 1588 2461 caussa
1612 2417 1686 2461 non
1707 2410 1852 2483 pugnat.
1880 2395 2110 2466 ‚Meministi
2134 2409 2241 2465 autem

206 2490 454 2562 ministerium.
514 2488 631 2558 Miror
658 2516 721 2560 cur
752 2492 932 2560 cumulare
962 2491 1044 2559 odia
1074 2490 1197 2561 velint.
1250 2492 1340 2561 illud
1356 2489 1477 2578 Alcei‚
1503 2508 1543 2564 ut
1559 2496 1690 2579 fertur,
1717 2489 1888 2590 ἅδμήτου
1909 2490 2046 2595 λόγον,
2072 2489 2106 2569 ὦ
2131 2495 2241 2593 ἑταῖρε

208 2592 242 2662 Α
265 2605 298 2662 te
322 2591 441 2661 literas
464 2606 498 2661 et
518 2591 638 2680 flagito
660 2611 694 2664 et
715 2607 888 2684 exspecto.
939 2591 1033 2663 Dum.
1057 2591 1197 2685 Geryo·
1248 2588 1391 2685 μαθὼν
1407 2590 1495 2675 τούς
1509 2593 1682 2694 ἀγαθοὺς
1699 2592 1808 2693 φίλει.
1859 2604 1938 2671 τῶν
1952 2595 2090 2675 δειλῶν
2104 2593 2147 2672 d'
2165 2594 2242 2671 ἀπέ-

207 2717 272 2764 nea
287 2691 324 2785 ³)
345 2695 456 2763 amice
477 2695 646 2763 salutabis
666 2697 754 2763 meis
777 2695 904 2767 v'erbis.
962 2693 1070 2763 Mitto
1095 2694 1197 2763 vobis

207 2819 335 2886 paucas
357 2797 528 2886 pagellas,
562 2790 656 2864 nihil
687 2798 781 2866 enim
810 2793 985 2867 habebam
1008 2796 1197 2869 recentius.

205 2895 304 2966 Bene
317 2910 351 2967 et
368 2898 517 2969 feliciter
532 2897 620 2967 vale.
672 2898 707 2971 7.
725 2898 870 2994 Maii.⁴)
897 2894 1046 2994 (1545.)

717 2997 906 3092 Philippus
922 2995 1147 3075 Melanthon.

626 3256 665 3262 ....
674 3255 1197 3268 -—-—-———--——--———---————·

205 3391 273 3465 No.
291 3394 405 3468 3188.

210 3489 382 3519 m

479 3595 628 3682 Ioaote.
663 3595 922 3685 Camerario.

270 3751 356 3824 Epist.
370 3753 402 3806 ad
420 3754 557 3811 Camerar.
575 3776 602 3828 p.
617 3757 668 3811 514
685 3777 726 3830 sq.
753 3758 806 3827 (ed.
820 3757 909 3813 Lond.
923 3757 974 3813 lib.
991 3758 1038 3815 lV.
1058 3779 1101 3831 ep.
1115 3763 1197 3833 665.).

205 3895 431 3978 Clarissimo
456 3909 533 3979 ciro
555 3906 758 3981 eruditione
783 3921 814 3980 et
840 3910 969 3982 virtute
987 3914 1199 4011 praestanti

204 4004 362 4080 Ioaclt.
398 4005 669 4082 Camerario
697 4006 943 4107 Pabergeasi,
984 4019 1103 4088 amico
1129 4045 1196 4090 sao

637 4138 764 4184 carrss.

109 4255 112 4265 ¹
203 4250 250 4340 S.
275 4264 321 4340 D.
372 4264 536 4335 Tandem
553 4266 662 4355 igitur
677 4281 812 4337 certum
829 4283 879 4338 est
895 4267 1031 4336 venisse
1040 4267 1197 4338 Triden-

203 4386 280 4443 tum
296 4371 385 4439 duos
400 4368 532 4457 legatos
547 4367 771 4457 Pontificios,
800 4383 833 4440 et
849 4358 987 4438 Caroli
1001 4367 1197 4461 Imperato-

204 4473 253 4543 ris
267 4474 439 4562 legatum,
460 4471 523 4563 qui
539 4471 699 4541 oratione
717 4473 755 4540 in
770 4494 935 4542 consessu
950 4475 1112 4543 nondum
1126 4476 1196 4544 fre-

201 4678 408 4692 *—

236 4784 262 4850 1)
280 4777 449 4832 Henretiam
461 4775 481 4829 i.
490 4794 514 4828 e.
528 4775 670 4846 lob.Bapt.
679 4775 793 4830 Henzet.
819 4774 881 4830 Vid.
895 4776 972 4846 epist.
982 4776 1008 4832 d.
1017 4778 1043 4833 d.
1051 4783 1075 4835 5.
1086 4781 1193 4856 septbr.

271 4850 349 4903 1555.
366 4846 595 4913 (Foerstemann.)

234 4937 263 5002 2)
283 4931 345 4985 Vid.
362 4945 442 4998 supra
456 4946 516 4997 epp.
528 4928 554 4982 d.
565 4928 607 4981 24.
621 4933 686 4999 Apr.
700 4928 822 4999 scriptas.

234 5023 263 5087 3)
284 5019 433 5086 Geryonen
450 5013 469 5067 i.
492 5032 516 5064 e.
538 5012 648 5066 Gereon
665 5012 776 5135 Spar,
802 5014 852 5067 llr.
873 5014 944 5067 med.
967 5018 1104 5089 Augustae
1118 5020 1188 5075 Vin·
1242 4992 1345 5065 Maii.
1451 5049 1457 5058 .

269 5087 323 5142 del.
363 5083 423 5135 Vid.
438 5081 550 5135 Lutheri
564 5083 641 5152 epist.
659 5087 685 5150 (e

265 5158 326 5211 641.
346 5154 575 5221 (Foerslenranu.)

232 5240 260 5312 4)
279 5241 358 5295 Diem
377 5245 403 5290 el
423 5253 544 5288 mensem
566 5253 623 5287 non
645 5233 722 5288 babel
737 5234 869 5290 Sinnerus
889 5257 915 5309 p.
936 5238 1014 5302 261„
1032 5261 1186 5312 quanquam

729 5082 761 5135 a
777 5082 1108 5155 vven.)r.1v.p.,sa.
1128 5091 1189 5148 ars.

1245 2722 1339 2789 χου,
1361 2693 1478 2797 yroic
1495 2693 1551 2769 ὅτι
1565 2693 1698 2772 δειλῶν
1711 2695 1820 2798 ὀλίγα
1831 2695 1954 2797 χάρις.

1350 2842 1461 2919 Petro
1476 2861 1511 2918 et
1526 2850 1661 2920 litteras
1679 2863 1757 2920 tuas
1771 2853 1925 2938 reddidi,
1939 2868 1973 2924 et
1989 2853 2108 2924 detuli
2118 2849 2242 2950 Egra·

1250 2975 1320 3021 nae
1334 2947 1473 3022 scholae
1496 2953 1806 3042 gubernationem,
1832 2955 1897 3026 etsi
1918 2957 2070 3048 optarim
2095 2981 2174 3029 esse
2192 2982 2243 3027 er-

1251 3055 1458 3128 citatiorem.
1516 3049 1729 3141 Boiemum,
1768 3059 1813 3126 de
1843 3083 1914 3151 quo
1947 3061 2095 3145 scribis,
2130 3061 2242 3132 iudico

1250 3160 1387 3227 bonum
1411 3171 1445 3227 et
1465 3159 1608 3230 doctum
1630 3158 1749 3228 virum
1773 3183 1865 3245 esse,
1892 3163 1952 3230 sed
1973 3163 2017 3230 ad
2034 3162 2243 3255 disputatio-

1251 3284 1313 3330 nes
1323 3255 1545 3329 scholasticas
1557 3285 1631 3328 non
1646 3260 1802 3330 arbitror
1816 3264 2063 3338 assuefactum.
2118 3262 2244 3336 Gravi-

1250 3363 1355 3432 tasin
1372 3386 1413 3431 eo
1430 3375 1497 3445 est,
1520 3360 1642 3454 gentis
1654 3357 1686 3455 ¹)
1702 3364 1846 3455 propria
1864 3381 1898 3437 et
1913 3391 2002 3458 pene
2021 3367 2175 3442 tristior.

1350 3513 1492 3586 Cultros
1506 3507 1706 3584 Laterensi
1718 3517 1909 3586 mittendos
1926 3521 2059 3609 delegi,
2081 3535 2126 3592 ut
2149 3525 2186 3591 in
2208 3547 2241 3592 eo

1249 3642 1392 3707 genere,
1419 3617 1582 3708 optimos.
1619 3617 1689 3688 Sed
1705 3620 1841 3688 mittam
1857 3645 1920 3712 per
1934 3622 2048 3692 aliurn
2062 3608 2240 3697 nuncium.

1248 3719 1353 3791 Nunc
1368 3720 1463 3788 enim
1479 3720 1631 3787 scribere
1647 3744 1722 3790 non
1737 3735 1846 3794 vacat.
1898 3720 1983 3793 Ocii
1995 3727 2116 3812 nobis,
2143 3743 2184 3799 ut
2196 3728 2242 3796 vi-

1249 3825 1329 3907 des,
1339 3893 1344 3908 ,
1354 3815 1447 3890 nihil
1462 3824 1662 3892 concedunt
1677 3835 1846 3915 tempora.

1349 3973 1403 4045 De
1427 3967 1594 4045 Fachsio
1609 3977 1711 4046 valde
1732 3979 1846 4068 probo
1870 3982 2060 4050 consilium
2078 3998 2240 4057 vestrum.

1252 4073 1366 4150 οἶσθα
1389 4070 1430 4147 di
1441 4072 1559 4171 χολὴν
1579 4082 1647 4150 τοῦ
1669 4083 1741 4152 νῦν
1758 4075 2016 4175 ἀριστεύοντος
2042 4083 2084 4157 e’r
2106 4087 2241 4182 tarpeis

1249 4175 1496 4276 daseipocc²).
1555 4176 1645 4250 Eius
1666 4195 1764 4253 metu
1786 4184 1947 4255 timidius
1964 4188 2080 4276 probo
2103 4205 2239 4260 senten-

1250 4282 1337 4352 tiam
1358 4306 1502 4362 eorum,
1536 4283 1598 4375 qui
1621 4279 1814 4354 Fuchsium
1838 4310 1952 4356 acrem
1980 4289 2101 4359 virum
2130 4317 2239 4362 accer-

1242 4400 1343 4455 sunt.
1403 4382 1472 4456 Sed
1500 4384 1567 4455 tibi
1591 4399 1740 4479 uterque
1763 4387 1883 4457 notior
1906 4403 1974 4470 est,
2009 4418 2118 4485 quam
2143 4389 2237 4466 mihi.

1247 4486 1302 4557 De
1317 4485 1444 4555 litteris
1459 4479 1620 4555 Facttsii
1634 4489 1771 4560 aslirmo
1791 4491 1987 4579 bonafide,
2010 4519 2070 4564 me
2088 4520 2186 4568 nune
2200 4498 2237 4566 ab

1248 4612 1289 4658 eo
1312 4612 1354 4657 ex
1371 4582 1428 4657 his
1449 4589 1623 4657 nundinis
1647 4585 1741 4659 nihil
1765 4593 1962 4665 litterarum
1983 4599 2181 4689 accepisse,
2203 4624 2237 4669 ae

1247 4690 1406 4781 suspicor
1431 4689 1510 4759 illas
1535 4692 1730 4784 dequibus
1752 4694 1892 4780 scribit,
1918 4698 2141 4793 interceptas
2171 4725 2237 4772 esse

1245 4793 1290 4863 ab
1305 4792 1368 4862 illo
1384 4793 1459 4890 ipso
1476 4794 1709 4864 audacissimo
1724 4790 1889 4883 homine',
1905 4801 1949 4869 de
1965 4826 2037 4893 quo
2055 4803 2169 4875 locuti
2182 4829 2237 4877 su-

1244 4918 1341 4979 mus,
1374 4919 1455 4964 eum
1485 4896 1563 4967 istie
1593 4919 1715 4970 essem.
1776 4896 1875 4970 Bene
1896 4902 1992 4989 sale,
2027 4902 2133 4982 VIII.
2157 4904 2235 4980 Idus

1796 5057 1809 5103 t

1855 5133 1989 5232 Philip.
2013 5140 2190 5219 Melantb.

202 5356 210 5364 .
267 5313 323 5382 ipse
338 5328 364 5378 p.
382 5307 441 5359 260.
461 5304 569 5358 scribite
595 5307 692 5373 „doto
708 5304 734 5356 7.
750 5306 820 5359 Maii
835 5306 911 5360 1545.
930 5336 966 5349 -
1000 5311 1188 5383 Melambion,
1240 5319 1446 5335 ’“-“““““··

266 5383 330 5434 durn
344 5377 414 5429 hauc
426 5372 559 5426 scribebat
574 5373 738 5443 Epistolam,
755 5373 868 5445 degebat
883 5375 1115 5448 Wittenbergee‚
1134 5403 1184 5436 an-

261 5463 425 5570 cras
440 5442 746 5580 ascania
1157 5463 1185 5506 a

1275 5428 1301 5494 l)
1321 5427 1473 5482 llobemiae.

1271 5525 1301 5591 2)
1321 5529 1493 5583 Auerbacbii.
1531 5530 1563 5583 C.
1578 5529 1626 5583 W
