4868 6420
194 359 273 437 t't't

197 534 334 606 ratione
357 530 446 602 moti
468 552 599 599 sumus.
650 526 697 600 Et
712 530 913 622 exemplum
937 529 1105 623 epistolae
1122 552 1190 596 no-

196 651 290 708 strae
320 630 469 703 Doctoci
494 627 669 702 Medlero
691 632 889 719 mittemus,
936 657 1041 727 quem
1072 631 1191 723 ipsum

195 739 302 812 etiam
332 758 406 804 non
439 734 554 804 solum
581 729 826 822 hortabimur,
863 736 908 805 ad
941 735 1188 825 deponendam
1235 729 1302 801 Die
1317 729 1498 822 Baptistae
1513 731 1668 819 collegae
1684 731 1808 802 nostri.

1752 827 1942 924 Philippus
1956 825 2185 902 Melanthon.
2219 873 2222 877 ·

194 837 289 913 hanc
323 837 557 918 simultatem,
597 839 659 905 sed
694 837 800 908 etiam
834 837 1108 915 obtestabimur‚
1149 849 1190 904 ut

195 943 349 1038 quadam
373 939 577 1028 diligentia,
603 939 709 1029 digna
730 941 830 1028 gravi
854 940 952 1026 viro,
979 951 1116 1018 caveat,
1143 961 1188 1005 ne

194 1045 351 1117 irritasse
367 1065 570 1134 quenquam
588 1042 761 1114 videatur.
814 1041 930 1112 Tuam
954 1040 1139 1133 epistolam
1156 1039 1189 1107 ei

193 1172 269 1219 non
289 1146 535 1226 ostendemus,
560 1167 606 1213 ne
629 1145 840 1214 accendatur
854 1146 1045 1214 verborum
1064 1155 1189 1211 coutu-

194 1250 329 1331 meliis,
355 1259 389 1317 et
408 1270 427 1314 a
450 1260 485 1317 te
510 1246 680 1336 petimus,
702 1259 743 1316 ut
758 1245 924 1337 deinceps
947 1248 992 1316 ad
1015 1268 1081 1314 nos
1102 1268 1189 1313 scrr-
1235 1282 1409 1309 »ων

194 1367 339 1446 pturus,
373 1349 579 1441 praesertim
607 1351 651 1416 de
676 1344 820 1437 Collega
843 1349 958 1418 divini
981 1345 1189 1425 Ministerii,
1254 1414 1256 1416 ,

195 1455 337 1527 omittas
351 1449 544 1519 forensium
562 1462 597 1518 et
610 1450 813 1519 scurrilium
822 1452 1010 1520 verborum
1026 1447 1190 1540 ineptias,

170 1634 173 1640 ,
193 1558 294 1628 aede
312 1553 417 1623 rebus
435 1553 519 1643 ipsis
534 1554 731 1620 verecunde
747 1566 781 1623 et
795 1553 949 1641 graviter
966 1552 1070 1621 dicas.
1118 1547 1190 1617 Po-

195 1674 325 1730 stremo
349 1677 472 1724 rursus
495 1651 612 1723 Deum
634 1667 836 1738 aeternum,
874 1651 1016 1724 Patrem
1040 1649 1190 1721 Domini

194 1759 309 1831 nostri
332 1755 360 1827 Ι.
382 1753 421 1828 C.
446 1779 608 1836 oramus,
635 1768 676 1825 ut
697 1752 893 1826 Ecclesiam
918 1755 985 1824 sibi
1011 1767 1188 1823 aeternam

193 1865 234 1933 in
248 1859 305 1932 his
319 1858 525 1949 regionibus
540 1858 701 1947 colligat,
717 1872 815 1947 regat
832 1871 867 1927 et
884 1870 1019 1941 servet,
1040 1869 1075 1924 et
1089 1878 1190 1923 scan-

193 1968 275 2037 dala
290 1988 330 2033 ac
344 1964 482 2032 furores
500 1958 645 2029 Diaboli
660 1959 845 2050 reprimat!
887 1958 985 2028 Bene
1000 1958 1089 2030 vale.
1121 1953 1190 2025 Die

196 2063 369 2138 Iohannis
385 2061 577 2155 Baptistae.
632 2058 739 2131 Anno
759 2057 870 2134 1545.

382 2163 533 2249 Restat,
555 2161 725 2253 ‚Magistri
741 2177 775 2232 et
789 2161 962 2233 Doctores
978 2159 1190 2231 Academiae

619 2263 935 2354 Wittebcrgensis.

196 2653 265 2726 No·
288 2647 405 2727 8204.
1038 2653 1095 2718 24.
1108 2646 1178 2712 lun.

193 2753 404 2788 Μ

514 2831 576 2914 Μ.
610 2827 875 2915 Caristodto.

168 3052 178 3080 e
261 2969 343 3062 †'Ex
361 2989 530 3074 autographo
550 2990 697 3062 Melanth,
729 2989 803 3062 quod
827 2999 866 3045 est
890 2990 920 3043 in
944 2988 1071 3047 biblioth.
1092 2991 1137 3048 Pl.
1156 2991 1191 3047 R.

296 3062 418 3119 Baehrii
425 3101 434 3134 ,
452 3080 498 3132 qur
513 3079 570 3114 eam
584 3059 650 3112 mibi
663 3059 814 3132 descripsit.

193 3216 419 3294 Eruditione
445 3225 477 3286 et
505 3214 634 3285 virtute
653 3215 865 3314 praestanti
879 3212 1080 3311 Magistro
1096 3213 1153 3288 M
1152 3216 1190 3286 i-

194 3321 356 3398 chaeli
380 3313 735 3391 Carolostadio
761 3317 802 3387 in
827 3315 1029 3388 Academia
1058 3314 1189 3419 Griss-

467 3415 671 3506 waldensi,
695 3419 814 3491 antico
838 3446 921 3508 suo,

191 3539 239 3631 S.
273 3561 318 3636 D.
376 3555 566 3628 Carissime
606 3549 774 3627 Michael.
838 3554 1058 3645 Dcfatigatus
1092 3578 1186 3624 eram

780 351 1220 431 EPISTULARUM
1277 351 1384 430 LlB.
1410 350 1476 423 lX.
1527 349 1661 430 1645.

1238 525 1311 594 siae
1329 539 1482 599 nostrae.
1534 523 1692 597 Salutem
1718 538 1802 616 opto
1827 525 1863 598 d.
1877 519 2009 595 honor.
2025 519 2074 618 (i)
2098 519 2234 596 Hiero-⁴

1237 649 1366 722 nyma,
1392 628 1504 697 adfini
1521 651 1617 712 meo,
1639 642 1673 698 et
1689 628 1834 698 caeteris
1848 628 1981 701 amicis.
2013 624 2126 697 ‘Bene
2141 630 2236 704 vale.

1247 1039 1574 1055 m

1236 1183 1300 1258 No.
1316 1183 1427 1259 3205.

2093 1188 2233 1308 Q.

1580 1384 1640 1472 M.
1677 1382 1887 1470 Crodetio.

1339 1520 1727 1616 mmmupmm

1236 1685 1404 1763 Marco
1428 1686 1463 1765 C
1471 1688 1624 1763 rodeli
1631 1717 1651 1761 o
1682 1688 1928 1886 (gudepnanti
1950 1687 2119 1764 scholam
2135 1683 2234 1763 Tor·
2300 1690 2309 1716 '

1643 1818 1789 1889 gensem

1236 1908 1281 1997 S.
1305 1923 1351 2000 D.
1410 1923 1627 1998 Charissime
1643 1924 1786 2001 Marce.
1847 1926 1917 1998 Hic
1939 1923 2108 1999 honestus
2129 1951 2235 1999 senex

1237 2044 1288 2099 est
1302 2027 1429 2098 Pastor
1445 2026 1624 2098 Ecclesiae
1639 2024 1902 2111 Laconicam,
1930 2046 1963 2102 et
1982 2056 2000 2099 a
2020 2027 2234 2101 Reverendo

1236 2130 1306 2201 Dn.
1321 2129 1424 2204 Doct.
1442 2126 1622 2199 Martiae
1638 2124 1809 2202 Lathero
1829 2134 2096 2202 commendatus
2117 2145 2170 2203 est
2185 2129 2236 2202 ll-

1238 2233 1448 2302 11184τίεείωο
1469 2231 1650 2324 Principi,
1681 2251 1722 2308 ut
1737 2237 1939 2306 succederet
1961 2235 2000 2302 in
2018 2236 2138 2304 locum
2155 2228 2235 2303 Aa·

1236 2331 1382 2428 gastini
1394 2327 1623 2405 Coldieensis
1636 2329 1685 2431 *).
1738 2337 1808 2407 Sed
1831 2337 1923 2405 alius
1945 2337 2091 2429 quidam
2106 2329 2235 2404 Bash-

1239 2435 1397 2506 litianus
1412 2433 1794 2528 petivitCholditianae
1808 2421 1986 2507 Ecclesiae
2002 2439 2234 2528 gubernatio-

1237 2564 1332 2613 nem.
1382 2537 1473 2610 Cum
1488 2552 1605 2609 autem
1622 2538 1803 2612 Illustriss.
1822 2538 1992 2634 Princeps
2006 2543 2167 2611 nondum
2184 2541 2234 2611 si-

1237 2641 1474 2732 gnificaverit,
1498 2642 1571 2711 utri
1587 2645 1811 2713 commendet
1826 2637 2093 2714 Cholditianam
2110 2640 2235 2714 Eccle-

1237 2744 1345 2824 siam,
1371 2738 1603 2814 Rochlitiano
1624 2744 1697 2828 illi,
1723 2768 1769 2813 an
1785 2768 1868 2814 vero
1894 2739 1980 2813 huic
2002 2743 2095 2830 seni,
2122 2742 2233 2837 profi-

1238 2846 1381 2917 ciscitur
1396 2841 1456 2914 hic
1471 2869 1576 2913 senex
1591 2848 1636 2914 ad
1652 2847 1788 2927 aulam,
1813 2858 1853 2915 ut
1867 2847 2042 2938 exploret,
2067 2846 2155 2940 quid
2170 2846 2235 2916 de·

1238 2961 1372 3018 cretum
1397 2948 1452 3017 sit.
1505 2942 1583 3017 Oro
1608 2963 1660 3031 te,
1684 2962 1724 3018 ut
1753 2972 1834 3017 eum
1848 2949 2000 3018 deducas
2022 2950 2068 3018 ad
2082 2950 2117 3022 d.
2130 2944 2234 3020 Doct.

1237 3044 1430 3135 Tetleben,
1462 3062 1513 3129 et,
1537 3050 1567 3118 si
1589 3045 1705 3118 adhuc
1727 3074 1782 3120 res
1797 3049 1935 3140 integra
1953 3064 2021 3140 cst,
2049 3074 2233 3120 commen-

1237 3155 1298 3221 des
1323 3176 1404 3221 cum
1429 3150 1541 3223 aulae.
1591 3148 1658 3220 Est
1683 3153 1777 3219 enim
1802 3152 1856 3220 vir
1873 3148 2043 3222 honestus
2061 3153 2233 3222 etmode·

1237 3267 1352 3338 ratus,
1385 3268 1419 3323 et
1439 3253 1503 3321 diu
1525 3254 1678 3342 praesuit
1702 3250 1882 3323 Ecclesiae
1905 3245 2132 3323 Cereestensi
2151 3278 2232 3323 cum

1238 3358 1354 3428 laude.
1404 3353 1509 3425 Nunc
1531 3377 1635 3423 senex
1657 3355 1696 3422 in
1712 3352 1830 3425 Patria
1855 3356 2066 3447 quietiorem
2083 3369 2118 3425 et
2131 3369 2232 3424 tran-

1236 3458 1440 3552 quilliorem
1465 3457 1583 3525 locum
1599 3457 1749 3551 quaerit.
1781 3497 1782 3500 π
1801 3455 1909 3528 Mitto
1936 3458 2002 3528 tibi
2019 3472 2054 3528 et
2068 3454 2139 3530 Dn.
2155 3453 2233 3527 Do-

1235 3561 1324 3628 ctori
1339 3551 1544 3626 Matthaeo
1556 3565 1718 3649 poemata
1734 3560 1989 3649 precationum.
2027 3558 2125 3628 Bene
2140 3557 2232 3633 vale.
2288 3549 2290 3559 ⁴

194 3662 392 3736 scribendis
424 3659 554 3739 literis,
592 3656 671 3724 ideo
707 3655 890 3725 brevitatis
922 3658 1064 3725 veniam
1092 3659 1186 3728 dato.
1233 3658 1409 3730 Postridie
1423 3657 1620 3751 Baptistae,
1646 3658 1810 3746 Collegae
1827 3661 1962 3745 nostri,
1991 3656 2102 3733 1645.

194 3766 277 3836 Tuo
299 3784 418 3833 amore
436 3782 516 3850 erga
533 3781 590 3825 me
608 3758 779 3841 delector,
805 3781 845 3826 ac
870 3759 1019 3846 gratiam
1037 3758 1104 3827 tibi
1120 3753 1184 3826 ha.

191 3872 278 3954 beo,
298 3865 394 3959 quod
425 3875 459 3931 et
482 3873 542 3931 tua
566 3873 602 3930 et
622 3858 821 3929 academiae
836 3859 952 3929 studia
970 3855 1060 3927 mihi
1076 3860 1185 3949 signi-

191 3969 314 4042 heasti.
371 3962 483 4052 Perge
506 3985 633 4031 ornare
653 3975 687 4030 et
713 3961 929 4031 academiam
950 3961 1049 4029 illam
1066 3974 1101 4030 et
1114 3959 1185 4031 Ec-

190 4073 333 4147 clesiam
348 4081 408 4136 tuo
426 4065 608 4154 diligentia
631 4063 862 4136 inducendo.
911 4059 1093 4153 Collegam
1119 4064 1187 4132 tibi

189 4177 372 4247 mittemus
394 4170 537 4237 doctum
562 4166 699 4249 virum,
731 4167 795 4259 qui
816 4165 878 4234 diu
896 4158 1092 4233 Ioaehr'mo
1108 4152 1186 4233 Ca-

193 4271 353 4349 merario
368 4268 553 4341 familiaris
567 4267 652 4351 fuit,
678 4280 712 4335 et
729 4268 859 4337 erudiit
873 4261 1103 4336 honestorum
1120 4263 1186 4336 ho-

193 4381 332 4450 minum
356 4374 489 4443 liberos
509 4357 730 4437 Camerario
750 4370 1024 4442 commendatos.
1076 4367 1186 4438 Nosse

194 4499 229 4555 te
242 4477 424 4549 homiuem
440 4472 607 4542 arbitror.
656 4462 943 4561 Noribergensis
960 4484 1029 4554 est,
1055 4493 1186 4559 cogno-

191 4585 291 4654 mine
314 4567 531 4668 Seiaras*);
559 4572 645 4640 olim
670 4572 776 4641 etiam
797 4573 837 4639 in
862 4571 1039 4640 academia
1065 4586 1186 4642 nostra

191 4697 352 4757 versatus
367 4695 427 4750 est.
458 4683 551 4744 Haec
570 4675 726 4743 indicato
742 4674 803 4758 iis,
817 4674 880 4766 qui
895 4674 988 4766 apud
1006 4697 1188 4763 vosprae-

191 4801 288 4862 sunt.
337 4782 392 4853 De
406 4775 571 4866 theologo
587 4776 690 4845 etiam
708 4777 838 4846 scribet
852 4773 896 4846 D.
911 4769 1049 4844 Pastor
1063 4772 1187 4845 Eccle-

192 4965 421 4986 μ...-

228 5073 260 5143 *)
281 5072 323 5125 De
342 5066 441 5122 Sciuro
456 5060 616 5131 (Eicbhorn)
635 5057 769 5112 mittendo
781 5057 1027 5138 Gryphiswaldiam
1044 5056 1096 5140 rid.
1110 5057 1188 5177 epist.

264 5143 297 5198 ’ἃ
318 5137 455 5244 ⁰²·“¹²'·²‘'
477 5131 505 5184 δ’
527 5130 554 5182 a.
576 5131 602 5180 ⁹⁶
618 5127 669 5180 Μ’
687 5129 761 5180 ¹⁵⁴⁵‘
776 5128 1188 5249 dlttbltltt‘s'totl

261 5224 410 5336 ¹enheerllilllr?
425 5197 784 5337 iirlilligllrlicliinlapllle'ad
803 5216 938 5319 Comiter.
957 5265 984 5316 d.
1004 5263 1030 5316 d.
1051 5267 1075 5318 1.
1094 5264 1187 5334 Septb.

265 5347 340 5405 1548.
381 5339 495 5396 Sciurue
520 5334 610 5407 potius
634 5334 840 5389 commendatus
866 5343 906 5386 est
929 5331 1139 5386 aMelantbone
1161 5342 1187 5385 et

1737 3756 1927 3854 Philippus
1954 3757 2180 3834 Melantbon.

1238 3987 1654 3998 *ow—..-
1661 3988 1720 3998 n...
1727 3991 1867 4000 ...φ-μ...

1258 4130 1326 4206 Νο.
1342 4131 1458 4206 3206.

1239 4231 1452 4267 Μ
2091 4232 2229 4259 Μ

1601 4325 1651 4416 G.
1679 4331 1873 4419 Rinekio.

1320 4488 1575 4630 †Ph]13¹appgrepho
1595 4491 1692 4546 Berari
1707 4493 1770 4547 Vol.
1786 4495 1806 4547 Ι.
1831 4513 1860 4565 p.
1873 4493 1934 4547 860.
1953 4503 1978 4548 et
1992 4495 2054 4548 eod.
2070 4492 2155 4549 Goth.
2168 4494 2230 4548 402.

1233 4703 1459 4784 Clarissimo
1480 4709 1575 4799 aira,
1592 4710 1728 4782 ¹virtute
1752 4721 1784 4782 et
1805 4713 1992 4811 sapientia
2010 4718 2231 4814 praestanti,

1260 4809 1354 4883 Gai
1362 4812 1386 4888 I.
1400 4808 1440 4883 R
1451 4811 1497 4882 in
1508 4811 1565 4900 ek,
1588 4823 1829 4909 patronaeve·
1845 4813 2203 4893 colendoRMelan.

1233 4927 1277 5018 S.
1302 4944 1348 5020 D.
1398 4943 1515 5016 Deum
1537 4959 1720 5018 aeternum
1739 4963 1875 5041 patrem
1892 4950 1936 5022 D.
1951 4976 1991 5022 n.
2005 4949 2033 5025 l.
2049 4950 2090 5026 C.
2105 4957 2230 5024 condi-

1234 5064 1345 5119 torem
1369 5050 1507 5136 generis
1532 5043 1699 5133 humani,
1719 5065 1754 5120 et
1770 5066 1947 5122 auctorem
1968 5048 2229 5146 pulcherrimae

1234 5150 1409 5221 societatis
1423 5145 1611 5218 hominum
1631 5165 1666 5221 et
1680 5153 1855 5243 coniugii,
1871 5179 1953 5236 oro,
1974 5171 2014 5226 ut
2030 5157 2121 5228 adsit
2136 5159 2228 5229 filiae

264 5410 421 5475 camerario
446 5406 559 5461 Alherto
602 5404 675 5458 Daci
700 5402 838 5468 Prussiae,
870 5410 896 5453 et
921 5419 993 5454 anuo
1018 5400 1096 5453 1546.
1119 5398 1186 5454 abiit
1245 5430 1250 5436 -

262 5559 289 5614 6.
321 5551 358 5609 ul.
379 5547 456 5602 1546.

263 5485 485 5606 Repiomontum.
539 5442 603 5528 Vld.
625 5471 693 5528 Mel.
718 5491 762 5543 ep.
791 5470 825 5524 ad
853 5468 997 5524 Albertum
1023 5468 1134 5524 Ducem
1156 5467 1210 5602 dp

1268 5465 1296 5531 *)
1317 5461 1462 5533 Augustis.
1480 5460 1596 5533 Hymet,
1616 5461 1715 5518 Pastor
1729 5463 1917 5535 Colditieneis,
1942 5466 2035 5538 quiin
2054 5467 2146 5523 locoru
2164 5470 2228 5542 Spa·

1304 5531 1381 5586 latini
1400 5532 1601 5602 Altenburgum
1619 5546 1795 5588 successerat.

2161 352 2360 426 m·

2086 4146 2144 4210 28·
2161 4139 2231 4206 Iun.
2315 4201 2318 4203 ,
