4868 6420
210 421 285 490 ros
787 410 1221 489 uelsrouaaun
1271 392 1376 487 eru.
1411 416 1475 494 nc
1529 415 1655 493 1545.
2161 415 2235 486 ιιι

208 614 296 681 quos
322 588 441 677 elegit,
475 583 539 656 hos
567 602 601 656 et
621 589 769 658 vocavit.
828 585 935 655 Nulla
960 587 1123 675 fingenda
1146 600 1198 656 est
1247 587 1305 655 tici
1324 589 1605 676 impenderetur3
1632 610 1700 681 qua
1716 588 1754 657 in
1770 612 1807 657 re
1822 589 1892 657 scio
1907 589 2062 658 fidemet
2076 586 2232 655 officium

207 692 348 759 ecclesia
373 691 446 773 dei,
473 689 543 757 nisi
566 690 604 756 in
623 703 723 758 coetu
738 701 963 771 vocatorum,
985 688 1022 756 id
1038 701 1106 773 est,
1131 688 1197 757 ubi
1244 684 1327 756 Dm.
1350 683 1519 771 Martini
1540 690 1605 760 tihi
1630 715 1704 758 non
1729 691 1930 758 defuturam
1950 712 2034 758 esse.
2085 687 2231 778 Suscipe

208 806 309 861 sonat
326 817 390 859 vox
405 787 593 877 Evangelii
609 801 643 858 et
658 790 722 858 ubi
737 790 942 858 inseruntur
960 783 1123 859 homines
1139 813 1196 858 ec·
1245 788 1353 876 igitur
1377 784 1467 859 hanc
1489 815 1622 863 curam.
1672 790 1764 860 Nam
1779 814 1856 859 cum
1876 803 2035 880 potentes
2052 788 2231 879 negligant

209 894 332 960 clesiae
354 917 416 982 per
438 904 652 961 sacramenta
671 904 707 960 et
723 891 909 960 invocatur
923 913 1028 981 super
1042 914 1102 960 eos
1126 915 1195 977 ¹no-

207 1017 287 1061 men
305 995 380 1061 veri
400 996 475 1076 dei,
499 992 633 1061 aeterni
648 992 755 1083 patris
771 1004 805 1061 et
822 990 887 1058 filii
902 990 976 1059 eins
992 988 1071 1062 lesu
1088 986 1196 1064 Chri-

207 1095 249 1162 sti
267 1095 423 1163 crucifixi
439 1110 472 1164 et
486 1092 681 1164 resuscitati
695 1106 729 1161 et
745 1091 890 1182 spiritus
905 1093 1026 1164 sancti.

306 1194 402 1264 Deus
420 1197 495 1264 vult
517 1216 589 1263 esse
605 1193 723 1262 efficax
744 1216 808 1284 per
823 1191 1059 1263 ministerium
1074 1187 1196 1262 Evau-

207 1297 290 1386 gclii
315 1311 350 1366 et
371 1297 447 1367 vult
473 1297 521 1365 ita
546 1296 635 1367 sicut
650 1318 686 1363 se
700 1294 865 1386 patefecit
887 1295 1046 1363 invocari
1070 1308 1106 1363 et
1120 1317 1194 1362 non

205 1400 318 1470 aliter.

307 1497 380 1566 Nec
395 1510 486 1565 recte
503 1499 644 1583 dicitur,
662 1497 858 1568 infantibus
873 1522 947 1566 non
964 1496 1097 1565 remitti
1114 1519 1194 1586 pec-

205 1613 321 1670 catum
344 1623 406 1690 per
430 1599 667 1669 ministerium
688 1597 874 1690 Baptismi.
923 1596 1019 1666 Haec
1045 1596 1194 1665 manile-

205 1717 257 1770 sta
279 1716 391 1770 errata
414 1700 493 1770 ideo
517 1701 704 1783 annotavi,
728 1715 768 1769 ut
790 1702 882 1769 clare
904 1698 1053 1788 intelligi
1070 1699 1190 1788 possit,

204 1800 467 1894 prohibendam
497 1826 569 1871 esse
592 1803 782 1872 editionem
804 1797 912 1869 huius
931 1801 1016 1869 libri
1039 1814 1073 1885 et
1094 1799 1191 1868 arbi-

204 1918 280 1972 tror
296 1918 472 1985 autorem,
488 1906 517 1972 si
531 1892 617 1973 cuni
628 1904 750 1972 amicis
764 1903 928 1971 fidelibus
953 1914 986 1970 et
1010 1901 1068 1991 pie
1090 1922 1198 1986 exer--

204 2005 317 2075 citatis
339 2005 378 2072 in
392 2006 554 2074 doctrina
575 2005 737 2074 ecelesiae
751 2003 827 2088 dei,
851 2003 969 2094 ipsum
984 2003 1189 2071 emendatu-

204 2131 284 2175 rum
303 2129 375 2174 esse
391 2122 521 2191 errata,
547 2131 636 2198 quae
657 2106 783 2177 taxavi.

304 2205 358 2276 De
382 2231 490 2276 coena
514 2207 651 2276 domini
670 2207 775 2275 etiam
798 2203 960 2274 dissentit
975 2205 1020 2274 ab
1034 2202 1188 2273 ecelesiis

203 2309 350 2415 nostris,
382 2323 416 2377 et
440 2333 653 2400 quamquam
676 2309 758 2377 satis
782 2319 918 2376 constat
941 2306 1035 2374 inter
1055 2305 1134 2397 pios
1155 2317 1188 2372 et

201 2412 322 2479 doctos
345 2410 655 2478 manducationem
684 2433 758 2477 non
787 2407 915 2476 mereri
946 2406 1186 2476 remissionem

200 2525 422 2600 peccatorum
447 2535 511 2578 nec
533 2511 670 2579 adferre
698 2509 939 2577 remissionem
966 2521 1186 2598 peccatorum

202 2637 243 2679 ex
260 2621 366 2702 opere
388 2624 547 2701 operato,
574 2625 689 2681 tamen
713 2634 787 2677 non
803 2611 1003 2679 docendum
1020 2623 1071 2677 est
1084 2631 1188 2676 man-

149 2749 159 2758 ·
199 2713 423 2782 educationem
445 2726 582 2782 tantum
597 2717 678 2798 {esse
703 2712 842 2799 signum
862 2723 1007 2779 mutuae
1027 2709 1189 2779 dilectio-

199 2817 256 2880 nis
280 2827 340 2882 aut
362 2814 589 2902 professionis
610 2809 841 2884 Christianae.
893 2811 963 2881 Sed
991 2835 1112 2881 revera
1137 2821 1188 2878 est

199 2914 436 2984 ministerium
459 2914 675 2983 remissionis
697 2926 937 3006 peccatorum,
968 2914 1008 2980 in
1034 2937 1104 3005 quo
1126 2935 1188 3001 per

199 3028 455 3085 sacramentum
470 3016 737 3085 commonefacti
755 3017 897 3084 credere
913 3027 947 3083 et
960 3027 1110 3083 statuere
1126 3014 1185 3080 de-

198 3119 323 3187 hemus
347 3141 427 3185 vere
457 3116 561 3185 nobis
586 3117 717 3185 remitti
740 3131 877 3207 peccata
904 3128 1049 3204 propter
1073 3114 1185 3182 filium

197 3220 256 3287 dei
278 3244 342 3310 pro
364 3217 468 3286 nohis
490 3218 695 3286 crucifixum
725 3232 759 3288 et
787 3241 884 3286 nrrnc
912 3229 1118 3304 regnantem
1147 3238 1187 3283 ac

197 3320 471 3391 sanctificantem
487 3319 666 3388 ecclesiam
682 3319 751 3391 dei.

665 3415 854 3513 Philippus
870 3413 1136 3493 Melanchthon.

195 3765 264 3836 No,
282 3765 390 3839 5222.

202 3859 374 3888 Μ

1036 3775 1089 3840 15,
1102 3765 1161 3830 lul.

1015 3858 1185 3886 m

482 4038 489 4044 ,
570 3949 610 4031 Ι.
639 3949 813 4034 Ros-tio.

262 4089 339 4154 †Ex
361 4089 515 4170 apographo
539 4086 568 4140 in
587 4088 649 4142 cod.
671 4088 753 4142 Goth.
770 4089 827 4144 191.
843 4107 868 4158 p.
882 4085 950 4143 80¹).
986 4085 1097 4157 Legitur
1117 4104 1183 4206 apo·

293 4155 416 4227 graphon
437 4168 516 4210 ettam
533 4158 561 4208 in
584 4157 647 4211 cod.
668 4155 828 4210 Monacensi
851 4157 895 4209 90.
915 4175 962 4209 no.
978 4155 1037 4210 Vll.
1060 4173 1087 4225 p.
1109 4157 1126 4207 8
1150 4154 1187 4220 b„

295 4226 341 4278 ubi
363 4224 534 4278 inscribitur:
568 4225 734 4277 Iohanni
751 4227 867 4292 Rode,
891 4226 1115 4290 Bambcrgcnsi,
1132 4227 1184 4277 do-

270 4334 272 4338 ι
295 4294 369 4346 aenei
383 4297 483 4346 literas
504 4297 535 4346 in
554 4297 656 4359 oppido
669 4293 827 4362 Monesen,
845 4295 937 4345 amico
956 4309 1015 4347 tuo.

346 4429 561 4504 Iohanni
579 4428 727 4517 Roth,
751 4429 1031 4525 Bambergensi.

1245 903 1381 958 coetum
1403 886 1650 962 scholasticum
1667 890 1794 982 magna
1809 915 1849 959 ex
1870 904 1989 982 parte,
2015 889 2119 960 nobis
2145 889 2231 980 ipsis

1244 1014 1347 1059 curae
1373 993 1435 1076 sit,
1465 989 1540 1060 Deo
1565 992 1724 1078 iuvante,
1757 1006 1916 1062 nostrum
1939 1014 2077 1080 gregem
2099 980 2230 1063 fovere.

1248 1087 1372 1172 Τέττιξ
1399 1089 1468 1183 μὲν
1498 1089 1633 1189 τέττιγι
1657 1090 1781 1187 φίλος,
1808 1085 1978 1186 ,attiguum
2004 1085 2045 1163 cle*
2068 1083 2231 1185 μύρμαξ,

1244 1193 1254 1258 i
1261 1194 1362 1286 nquit
1378 1189 1600 1290 Theocritus.
1651 1195 1690 1266 Si
1710 1191 1768 1265 hic
1789 1216 1910 1263 sensus
1930 1193 2054 1263 tuendi
2070 1215 2230 1286 commu·

1244 1294 1298 1361 nis
1320 1297 1457 1381 generis
1481 1296 1628 1366 minutis
1650 1296 1791 1366 insectis
1812 1296 1922 1377 inest,
1956 1295 2098 1384 quando
2121 1292 2231 1379 magis

1141 1436 1144 1451 ι
1244 1396 1347 1464 nohis
1363 1397 1474 1465 inesse
1492 1385 1620 1467 dehet?
1649 1396 1744 1470 BN.
1760 1397 1818 1465 die
1838 1393 1896 1470 15.
1911 1392 1995 1464 Iulii
2010 1389 2103 1464 anno
2121 1387 2230 1465 1545.

2088 1749 2145 1810 17.
2162 1739 2221 1804 lut.

2058 1831 2228 1862 w

1253 1738 1320 1814 No.
1337 1740 1449 1814 3223.

1248 1833 1419 1864 Μ

1575 1924 1628 2006 R.
1658 1921 1898 2034 Bordingo.

1340 2077 1415 2143 †Ex
1433 2076 1587 2149 apographo
1605 2077 1634 2130 in
1653 2076 1714 2132 cod.
1732 2075 1818 2130 Paris.
1838 2076 1875 2128 D.
1895 2075 1923 2128 L.
1943 2073 1975 2126 54
1983 2076 2000 2126 ³.

1252 2213 1306 2309 D.
1333 2232 1507 2303 Iacobo
1530 2229 1778 2350 Burdingo
1805 2227 1945 2302 doctori
1969 2229 2063 2299 artis
2089 2225 2204 2299 medi·
2289 2208 2290 2214 ἵ

1661 2358 1786 2406 ¹cancre.

1238 2429 1282 2520 S.
1304 2450 1348 2526 D.
1400 2447 1539 2545 Exurge
1559 2447 1714 2520 Domine
1738 2443 1890 2538 Deusf[et
1912 2448 2081 2516 exaltetur
2102 2467 2228 2513 manus
2263 2531 2276 2536 ,ἢ

1238 2569 1316 2639 tua;
1350 2578 1394 2620 ne
1419 2553 1638 2624 obliviscaris
1664 2573 1861 2643 pauperum
1884 2563 2027 2618 tuorum
2049 2547 2088 2613 in
2111 2548 2228 2616 lineru.
2254 2575 2255 2579 ¹
2280 2550 2281 2555 ’

1237 2653 1314 2724 Hac
1329 2678 1415 2724 voce
1429 2678 1495 2744 pro
1510 2654 1611 2723 vobis
1630 2676 1771 2746 quoque
1793 2673 1934 2741 precor,
1961 2663 2002 2719 ut
2015 2645 2111 2716 Deus
2131 2647 2229 2715 miti-

1237 2770 1295 2844 get
1317 2756 1497 2825 servitutis
1510 2769 1645 2824 vestrae
1667 2753 1909 2845 asperitatem,
1932 2763 1971 2817 ut
1987 2749 2122 2836 integra
2139 2771 2226 2815 con-

1238 2858 1383 2927 scientia
1399 2857 1482 2926 laeti
1506 2855 1670 2926 invocare
1682 2852 1797 2925 Deum
1811 2863 1991 2922 aeternum
2006 2861 2141 2938 patrem
2161 2849 2227 2916 do-

1238 2958 1329 3026 mini
1342 2958 1457 3027 nostri
1473 2954 1552 3026 lesu
1567 2952 1701 3026 Christi
1717 2953 1856 3047 possitis
1871 2949 1953 3021 etei
1969 2949 2098 3040 gratias
2114 2972 2225 3037 agere.

1237 3059 1328 3129 Nam
1345 3062 1458 3128 donec
1475 3057 1513 3126 in
1528 3058 1590 3128 tali
1608 3058 1691 3127 estis
1705 3078 1859 3138 carcere,
1885 3074 1974 3146 quae
1990 3063 2136 3141 possunt
2149 3049 2227 3117 dari

1238 3160 1385 3231 consilia
1400 3175 1523 3230 eontra
1538 3157 1769 3229 violentiam?
1810 3152 1943 3243 Scripsi
1956 3152 2091 3244 aliquid
2110 3175 2150 3219 eo
2168 3173 2226 3222 ar-

1237 3276 1421 3354 gumento,
1447 3261 1543 3354 quod
1566 3250 1794 3331 Franciscus
1812 3252 2007 3350 Hispanos
2030 3252 2099 3336 ait,
2127 3275 2161 3319 se
2180 3253 2225 3318 ad

1238 3364 1368 3433 amicos
1382 3363 1421 3431 in
1437 3361 1618 3451 Belgicum
1634 3361 1784 3444 misisse;
1809 3358 1869 3426 sed
1886 3353 2020 3424 etiamsi
2040 3353 2078 3422 id
2100 3352 2226 3441 legeri-

1236 3465 1301 3548 tis,
1330 3478 1535 3547 occurrent,
1567 3475 1607 3532 ut
1635 3463 1691 3546 lit,
1724 3455 1877 3550 multa¹)
1905 3453 2151 3546 particularia,
2180 3455 2225 3521 de

1237 3567 1367 3663 quibus
1389 3566 1601 3654 respondere
1620 3587 1683 3654 per
1702 3563 1836 3640 literas,
1869 3580 1959 3652 quae
1976 3554 2107 3624 deinde
2128 3554 2225 3620 velut

1236 3669 1373 3735 decreta
1388 3661 1451 3737 καὶ
1465 3659 1691 3759 ψηφίσματα
1712 3660 2024 3738 circumferuntur,
2048 3650 2224 3745 periculo-

1237 3791 1314 3836 sum
1335 3781 1396 3840 est.
1446 3763 1603 3836 Consilia
1620 3766 1666 3834 do
1689 3763 1800 3832 firmis
1823 3760 1966 3829 duriora
1988 3751 2052 3826 καὶ
2074 3751 2224 3848 ἀκριβέ-

1238 3891 1367 3962 στερα,
1394 3867 1580 3962 tyronibus
1602 3880 1636 3936 et
1657 3861 1860 3933 imbellibus
1875 3858 2027 3940 leviora,
2056 3858 2117 3948 qui
2139 3880 2224 3946 pro-

1236 3965 1391 4039 vehendi
1407 3983 1490 4038 sunt
1505 3992 1578 4037 non
1594 3963 1811 4042 deterrendi,
1836 3976 1877 4031 ut
1891 3958 2023 4030 Paulus
2039 3958 2137 4028 iubet
2156 3953 2226 4027 τὸν

1237 4069 1476 4143 ἀσθενοῦντα
1495 4072 1542 4161 τῇ
1566 4063 1685 4139 πίστει
1705 4054 2080 4163 προςλαμβάνεσθαι,
2105 4054 2158 4151 μὴ
2174 4059 2224 4136 εἰς

1236 4166 1436 4266 διακρίσεις
1456 4166 1719 4268 διαλογισμῶν.
1771 4165 1873 4235 Hanc
1895 4165 1968 4232 sere
1989 4160 2161 4229 rationem
2181 4159 2222 4225 in

1234 4269 1290 4343 bis
1312 4273 1469 4343 consiliis
1494 4296 1633 4364 sequor.
1703 4267 1810 4357 Quod
1831 4289 1914 4335 vero
1937 4277 1976 4333 tu
2001 4263 2046 4329 de
2071 4260 2133 4330 tali
2160 4265 2253 4353 pat-'¹

1168 4379 1169 4382 ’
1233 4390 1328 4445 store
1355 4376 1532 4464 disputas,
1565 4373 1625 4466 qui
1656 4383 1747 4440 recte
1775 4369 1900 4437 docere
1928 4361 2055 4457 possit,
2090 4362 2117 4428 si
2148 4385 2224 4430 ser-

1233 4491 1291 4546 vet
1319 4475 1440 4545 missas
1459 4471 1495 4570 ²)
1525 4473 1615 4558 ritu,
1661 4494 1737 4540 non
1767 4469 1921 4538 arbitror
1958 4477 2127 4557 tyrannos
2161 4486 2222 4530 ve-

193 4545 327 4634 Haesit
341 4559 400 4632 hic
415 4564 634 4657 aliquamdiu
650 4565 851 4634 adolescens
867 4557 1183 4656 Bambergensis*)
1233 4591 1323 4646 sams
1353 4577 1502 4646 tolerare
1537 4573 1755 4670 quempiam,
1798 4570 1860 4661 qui
1893 4568 1949 4635 vel
1979 4578 2098 4655 aperte
2130 4577 2221 4633 taxat

192 4656 496 4762 Christophorus,
512 4667 610 4735 cuius
627 4659 715 4732 mihi
730 4679 856 4734 natura
871 4665 1092 4755 perliberalis
1107 4665 1182 4734 visa
1232 4691 1454 4748 mortuorum
1489 4675 1768 4756 invocationem,
1814 4670 1871 4738 vel
1904 4667 2043 4737 aboleat
2076 4665 2222 4734 eamne.

115 4857 120 4865 .
193 4784 255 4840 ⁸⁸1·
308 4765 521 4856 Cumigltur
537 4781 683 4858 Propter
698 4766 853 4856 impiam
868 4761 1085 4836 masserehic
1101 4767 1183 4835 diu·
1232 4803 1296 4848 nas
1314 4779 1453 4870 impias.
1511 4775 1657 4847 Frustra
1678 4775 1786 4863 igitur
1805 4769 2046 4865 quaestionem
2068 4765 2222 4858 proponi

194 4871 264 4940 ilus
279 4894 352 4937 110ss
371 4883 502 4957 pOSSOl,
525 4892 589 4937 nec
604 4890 666 4955 ego
683 4869 788 4936 aliam
802 4867 977 4942 milonem
994 4867 1182 4937 consuless·
1232 4881 1397 4952 arbium·
1448 4877 1533 4949 Ideo
1555 4875 1864 4970 pronunClassdUffl
1888 4894 1962 4939 non
1978 4868 2111 4959 putavi,
2162 4866 2220 4936 Si.

191 4973 228 5039 di
246 4973 277 5038 ei
300 4972 498 5038 invenirem
513 4965 645 5051 ullam,
670 4968 810 5037 decurri
826 4970 869 5038 ad
894 4961 961 5037 hoc
976 4968 1181 5055 consilium3
1232 4983 1396 5073 gnificare
1416 4976 1507 5048 mihi
1530 4979 1706 5070 poteritis,
1731 5000 1778 5046 an
1798 4975 1889 5043 illud
1910 4993 2029 5040 meum
2050 4969 2220 5060 scriptum

189 5072 244 5143 fui
259 5086 400 5155 auctor,
428 5087 468 5142 ut
483 5073 527 5139 ad
544 5084 577 5141 te
593 5070 887 5159 proficisceretur,
913 5082 954 5139 ut
967 5069 1006 5137 in
1019 5071 1105 5138 ludo
1119 5083 1180 5139 tuo
1232 5108 1251 5153 a
1266 5077 1470 5152 Francisco
1479 5078 1653 5176 Hispano
1667 5080 1813 5147 missum
1830 5076 1916 5144 istuc
1933 5069 2103 5142 videritis.
2145 5066 2222 5138 Do·

191 5173 223 5244 el
245 5173 373 5263 aliquis
394 5173 493 5249 lOGUS
513 5172 782 5253 attribueretur,
807 5183 869 5239 aut
888 5183 948 5240 tua
967 5185 1029 5242 aul
1042 5185 1182 5240 conler-
1231 5198 1325 5255 flore
1349 5196 1464 5254 vestro
1489 5206 1653 5267 moveor,
1679 5195 1714 5251 et
1731 5162 1864 5248 mederi
1884 5174 2011 5244 animis
2025 5170 2136 5262 aegris
2157 5193 2220 5238 cu.

187 5274 291 5344 ranei
306 5271 351 5345 D.
367 5267 535 5342 Martini
548 5272 729 5362 diligentia
752 5272 797 5341 ab
822 5271 943 5341 amicis
957 5272 1092 5365 aliquid
1105 5272 1183 5342 via-

1231 5371 1458 5388 m

189 5451 398 5471 m

224 5555 256 5628 *l
276 5557 346 5619 cod.
361 5558 443 5618 Goth.
459 5560 533 5618 tat:
551 5561 772 5633 llamhurgensis.

1266 5477 1292 5543 1)
1311 5477 1403 5527 multo
1420 5472 1594 5547 scribendum
1611 5469 1702 5542 putavi
1719 5487 1770 5542 pro
1787 5472 1883 5539 nullo,
1900 5465 1974 5538 quod
1991 5463 2121 5522 mendum
2136 5469 2186 5520 est.

1265 5560 1294 5626 2)
1312 5562 1417 5630 Apogr.
1435 5560 1550 5627 misses,
1570 5557 1644 5629 quod
1662 5574 1713 5628 pro
1730 5555 1833 5610 mendo
1850 5552 1948 5621 haheo.
