4868 6420
193 304 284 416 roi
780 332 1222 411 neisronanun
1275 337 1471 416 ornan
1525 336 1663 414 1⁶44.
1733 416 1741 426 ,
2167 336 2245 410 aea

196 539 241 584 ne
257 509 326 583 hoc
339 515 466 602 dogma
483 512 677 582 absurdum
692 512 826 603 populo
842 523 1069 605 proponeret.
1102 507 1191 579 Mox
1223 502 1469 601 ¹Clarissimo
1493 510 1572 582 aira
1596 505 1799 610 eradriiape
1827 518 1858 580 et
1883 508 2013 580 virtute
2033 508 2248 607 praestanti

198 618 259 687 ille
283 617 323 684 in
347 611 441 686 Aula
463 639 520 684 me
542 627 696 701 accusat;
721 609 832 684 habet
846 615 942 683 enim
963 614 1191 708 quorundam
1242 609 1270 684 I
1278 609 1492 685 oachimo
1532 604 1811 685 Cameraria
1847 606 2079 706 Pabergensi
2125 608 2246 682 amico

199 719 314 791 studia
346 730 492 811 propter
516 717 686 787 maledica
715 719 890 810 po'e'mata.
953 715 1086 786 Missae
1110 725 1194 784 sunt

160 823 166 833 “
199 815 291 891 mibi
317 821 392 890 eius
417 817 702 911 propositiones,
738 822 799 890 sed
825 820 989 889 nondum
1012 816 1192 909 respondi.

74 1099 77 1111 ,
202 1024 360 1095 Tantum
385 1038 501 1094 autem
522 1025 554 1094 ei
579 1024 768 1109 tribuitur,
794 1037 836 1095 ut
859 1024 1011 1094 nuncin
1027 1020 1196 1093 Conven-

202 1144 279 1200 tum
294 1128 508 1212 abducatur,
533 1149 590 1201 me
602 1125 744 1211 relicto,
765 1127 871 1196 credo
893 1128 989 1220 quod
1012 1121 1194 1196 bominem

203 1231 370 1300 audacem
384 1242 509 1320 putent
524 1230 778 1319 opponendum
794 1252 866 1299 csse
884 1230 944 1315 iis,
961 1229 1023 1322 qui
1039 1227 1197 1296 moliun-

203 1346 263 1403 tur
280 1324 604 1425 conciliationes*).

304 1432 374 1505 Sed
389 1435 545 1526 prolecto
561 1456 636 1502 non
651 1434 734 1505 satis
750 1421 819 1515 est,
841 1426 1074 1513 ἀπαιδεύτως
1088 1429 1199 1525 βοᾶν.

205 1529 303 1605 Mihi
322 1548 441 1605 tamen
466 1549 605 1626 gratum
632 1551 703 1619 est,
729 1537 934 1628 praesertim
954 1537 1000 1605 ab
1020 1530 1200 1604 hocCon-

205 1650 314 1708 ventu
329 1640 467 1719 abesse,
493 1662 599 1731 quem
621 1638 724 1708 video
748 1640 853 1729 longe
877 1639 989 1728 magis
1010 1636 1199 1707 turbulen-

206 1751 282 1809 tum
298 1741 375 1809 fore
393 1741 648 1831 superioribus.
700 1738 817 1812 Deum
838 1764 999 1826 oremus,
1024 1752 1065 1809 ut
1087 1737 1200 1807 exitus

206 1843 251 1913 sit
272 1842 443 1932 placidus.

183 2014 188 2026 ,
307 1941 416 2014 Mitto
432 1939 618 2013 historiam
634 1942 896 2033 Hungaricam‚
922 1968 1011 2036 quae
1032 1941 1200 2020 ostendit,

207 2047 392 2115 ruentibus
405 2044 565 2138 Rebusp.
581 2045 732 2135 grassari
747 2045 877 2131 furias,
903 2059 937 2114 et
953 2045 1079 2114 amisso
1096 2065 1201 2113 sensu

208 2147 447 2217 calamitatum
469 2143 634 2218 homines
655 2148 837 2218 cumulare
862 2149 1010 2233 seelera,
1032 2159 1073 2216 ut
1094 2146 1201 2215 fiebat

209 2249 247 2318 in
268 2249 404 2319 excidio
429 2247 675 2344 lerosolymae.
726 2246 941 2343 Exemplum
960 2263 1091 2319 metuo.
1141 2245 1201 2318 Si-

208 2351 308 2420 milia
326 2352 422 2420 enim
438 2351 655 2436 acciderent,
680 2352 764 2420 siin
781 2350 975 2422 Germania
992 2351 1126 2421 bellum
1149 2349 1201 2418 ci-

209 2454 281 2522 vile
305 2454 478 2533 oriretur,
505 2456 599 2546 quod
620 2467 662 2524 ut
684 2451 780 2524 Deus
792 2452 899 2524 Pater
918 2452 1067 2524 Domini
1087 2451 1201 2520 nostri

147 2580 148 2587 ¹
210 2552 291 2624 lesu
305 2550 441 2625 Christi
458 2567 613 2639 avertat,
639 2556 844 2626 ardentibus
862 2558 952 2626 votis
968 2578 1163 2648 precemur.

309 2652 406 2726 Mihi
429 2680 550 2726 recens
573 2680 614 2725 ex
636 2659 789 2748 quadam
815 2660 913 2743 aula,
951 2679 1026 2728 non
1057 2677 1202 2748 prorsus

209 2758 331 2849 ignara
347 2759 576 2850 negociorum
586 2750 723 2828 Caroli
736 2757 824 2851 lmp.
843 2762 1010 2852 scriptum
1030 2773 1100 2842 est,
1125 2757 1202 2849 pla-

209 2885 254 2929 ne
274 2855 391 2931 adhuc
411 2853 547 2933 Caroli
575 2861 787 2931 sententiam
817 2886 924 2944 esse,
941 2887 986 2931 ne
1017 2873 1202 2929 moveatur

210 2959 417 3037 Germania.
469 2962 577 3053 Quod
596 2964 625 3031 si
643 2987 767 3032 verum
785 2976 852 3048 est,
879 2963 1057 3053 singulare
1079 2976 1114 3032 et
1127 2985 1204 3029 ma-

142 3150 146 3160 ,
208 3087 317 3154 gnum
333 3063 400 3135 Dei
424 3067 635 3136 beneficium
659 3078 729 3148 est,
754 3065 914 3135 animum
937 3062 1028 3155 Imp.
1050 3077 1102 3133 tot
1118 3063 1202 3131 irri-

209 3182 320 3238 tatum
353 3169 487 3253 modis,
539 3181 657 3238 tamen
687 3168 732 3237 ab
764 3167 907 3259 optimis
940 3166 1097 3236 consiliis
1128 3189 1202 3233 non

207 3272 329 3344 averti.

310 3370 419 3443 Mitto
435 3387 469 3442 et
482 3374 628 3442 alteram
645 3372 818 3464 pagellam
834 3371 1083 3464 pie‘scriptam.
1133 3366 1204 3439 Sed

131 3486 133 3491 “
209 3475 347 3544 utinam
375 3477 476 3545 aulae
498 3475 590 3545 serio
611 3497 734 3567 pacem
756 3486 978 3565 expeterent,
1004 3486 1097 3543 certe
1118 3471 1204 3562 ipsis

163 3644 170 3653 .
209 3577 339 3669 magis,
380 3602 487 3673 quam
517 3579 652 3669 populo
686 3576 930 3647 necessariam.
987 3572 1085 3645 Beue
1114 3575 1203 3647 vale.

209 3671 277 3752 Die
295 3679 353 3754 18.
371 3677 528 3752 Ianuarii
546 3677 656 3752 1544.

723 3788 913 3888 Philippus
928 3791 1154 3868 Melantbon.

313 3950 490 4022 Praelatio
521 3951 559 4019 in
583 3948 759 4034 Genesin,
792 3950 831 4018 in
851 3945 1104 4047 typographica
1128 3950 1207 4020 offi-

211 4056 291 4125 cina
307 4055 469 4125 absoluta
485 4068 548 4127 est.
598 4051 774 4123 Fortassis
790 4053 989 4144 exemplum
1005 4054 1072 4126 tibi
1087 4053 1206 4124 mitte-

211 4172 281 4230 tur.
334 4156 505 4227 Venditio
522 4155 688 4227 differtur
708 4179 821 4250 usque
835 4157 881 4225 ad
896 4158 1076 4228 nondinas
1092 4153 1209 4225 Fran-

213 4260 446 4331 cosordianas.
1011 4256 1014 4266 '

210 4493 330 4506 D-——m-
338 4496 345 4503 α
355 4496 440 4502 ...ιι-..η
450 4496 474 4502 η..

484 4493 1052 4504 ψυ---η-...ωη--υ--α-...η--ο--ω--ῃ
1068 4496 1115 4500 ..-.,
1145 4495 1170 4500 --

1073 4717 1133 4778 22.
1145 4705 1210 4770 Ian.

1070 4800 1200 4826 Μ

213 4703 408 4831 QG.

492 4942 642 5027 Ioaair.
677 4938 935 5028 Camerario.

283 5127 369 5199 Epist.
382 5126 415 5182 ad
431 5073 570 5182 Camerri.
588 5143 614 5199 p.
628 5120 680 5180 448
692 5143 735 5196 oq.
754 5122 807 5192 (ed.
820 5120 908 5178 Lond.
925 5119 973 5176 lV.
993 5139 1036 5193 ep.
1050 5120 1132 5192 818).

217 5303 424 5316 mu—

252 5421 288 5495 *)
306 5422 410 5477 lodicta
428 5432 506 5476 eraut
520 5417 630 5476 comitia
643 5419 738 5489 Spirae
754 5417 781 5470 d.
796 5419 837 5472 10.
853 5416 909 5471 len.
929 5414 1052 5470 habenda
1086 5412 1209 5468 volebat-

286 5511 338 5616 poe
352 5491 400 5546 Pr.
413 5490 523 5547 Elector
535 5485 745 5545 concionatores
759 5504 853 5543 seeum
872 5486 981 5544 ducere.
1016 5451 1208 5541 Vithseclreo-

306 5559 359 5617 orl.
371 5560 398 5616 b.
411 5558 491 5616 Loth.
505 5558 556 5616 lll.
571 5576 601 5630 p.
616 5555 670 5612 478
681 5574 721 5627 sq.

1634 739 1703 785 sao
1723 713 1851 785 caries.

1243 831 1289 923 S·
1306 852 1352 928 D.
1403 851 1521 924 Deum
1536 877 1620 938 oro,
1645 865 1687 923 ut
1703 866 1844 922 nostros
1861 852 2000 920 labores
2018 862 2115 938 regat
2130 862 2166 920 et
2181 850 2246 920 ad-

200 922 283 993 N⁰¹¹
316 947 412 991 emm
442 923 548 1001 Μ’
590 946 671 991 ‘um
701 917 847 991 h⁰¹¹¹¹¹¹⁰
875 922 1012 992 sur¹⁰⁵⁰
1044 921 1194 1009 bugam·
1245 956 1344 1027 iuvet
1369 957 1409 1024 in
1424 953 1660 1025 adolescentia
1679 955 1886 1025 erudienda.
1936 947 2243 1045 Saarcebergiam

1247 1060 1391 1151 quidem
1409 1058 1528 1128 iudico
1547 1052 1688 1126 homini
1703 1057 1833 1127 idoneo
1848 1056 2134 1125 commendatum
2160 1078 2245 1139 esse,
2285 1074 2290 1096 ··

1247 1157 1471 1232 Sebastiano
1502 1152 1672 1244 Franco,
1715 1159 1815 1228 cuius
1843 1157 1910 1228 tibi
1942 1156 2046 1226 mitto
2073 1153 2246 1246 Elegiam,

1248 1289 1323 1335 non
1338 1277 1378 1335 ut
1393 1263 1477 1332 inde
1496 1262 1679 1352 ingenium
1704 1261 1884 1344 aestimes,
1907 1255 2016 1329 babet
2039 1260 2134 1328 enim
2159 1259 2264 1327 alias·

1249 1371 1471 1437 venustiores
1497 1367 1597 1436 dotes
1625 1363 1779 1454 ingenii,
1813 1386 1919 1456 quam
1951 1358 2044 1430 hauc
2065 1360 2246 1431 scribendi

1251 1469 1417 1539 carminis
1432 1468 1717 1562 qualemcunque
1729 1465 1942 1537 facultatem.
1993 1460 2042 1534 Et
2055 1488 2152 1533 nunc
2170 1487 2246 1532 roa·

1251 1595 1319 1662 gna
1345 1596 1426 1645 cum
1450 1594 1510 1662 spe
1533 1582 1694 1638 versatur
1717 1569 1755 1637 in
1776 1564 1859 1637 Iure
1880 1566 1993 1650 civili,
2019 1579 2054 1635 et
2076 1565 2246 1636 suavitate

1251 1673 1405 1764 ingenii,
1431 1688 1465 1744 et
1487 1671 1692 1742 dexteritate
1713 1669 1840 1739 eximia
1863 1669 2046 1759 praeditus
2067 1682 2129 1741 est.
2182 1664 2248 1734 Vi-

1252 1777 1373 1869 vitque
1388 1776 1426 1843 in
1441 1774 1578 1844 familia
1592 1773 1663 1841 viri
1677 1772 1764 1841 boni
1780 1764 1936 1865 Georgii
1943 1764 2064 1838 Iilraa
2082 1783 2247 1864 typogra-

1252 1874 1328 1971 phi.
1371 1872 1484 1948 Vitas
1492 1872 1524 1972 ¹)
1541 1877 1659 1966 inepte
1678 1875 1850 1944 alienarat
1864 1874 2024 1943 animum
2043 1873 2249 1942 adolescen-

1252 1981 1298 2050 tis
1320 2004 1340 2050 a
1367 2002 1418 2049 se:
1469 1976 1524 2050 Ac
1548 2001 1644 2047 nuuc
1669 1978 1812 2070 quidem
1836 1969 1929 2048 Vita
1952 1974 2102 2068 pecunia
2127 1973 2248 2043 debita

1253 2105 1379 2172 magna
1393 2107 1434 2150 ex
1449 2095 1548 2172 parte
1563 2079 1744 2172 persoluta
1767 2092 1829 2152 est.
1880 2075 1972 2148 Cum
1998 2077 2131 2146 reversi
2157 2099 2249 2147 esse-

1253 2208 1332 2254 mus
1358 2184 1522 2264 domum,
1557 2175 1714 2251 exhibita
1737 2195 1788 2250 est
1812 2181 1918 2249 nobis
1941 2179 2089 2271 epistola
2112 2173 2251 2247 Bucari

1253 2289 1297 2356 ad
1322 2278 1565 2356 Macedonem
1590 2283 1736 2374 scripta,
1770 2307 1876 2375 quam
1903 2294 2025 2371 noster
2046 2273 2206 2350 Pericles
2219 2273 2249 2375 ¹)

1254 2381 1454 2480 ἀποτόμως
1467 2386 1611 2471 reiecit,
1639 2399 1672 2455 et
1688 2384 1737 2454 ita
1751 2384 1898 2468 exarsit,
1922 2398 1963 2454 ut
1984 2383 2124 2452 videam
2150 2377 2251 2465 mihi,

1254 2490 1348 2573 siin
1373 2503 1586 2560 conventum
1611 2487 1788 2579 profectus
1817 2510 1947 2570 essem,
1980 2485 2040 2554 vix
2060 2485 2169 2554 luisse
2193 2507 2250 2553 re·

1254 2596 1446 2665 dcundum.
1496 2588 1691 2680 Composui
1708 2602 1826 2658 tamen
1849 2583 2155 2684 responsionem³)
2177 2610 2251 2655 non

1255 2692 1552 2777 horridissimam‚
1579 2716 1684 2784 quam
1699 2691 1836 2782 placere
1852 2690 1920 2758 sibi
1937 2690 2103 2762 ostendit.
2154 2686 2252 2758 Bene

1255 2799 1332 2867 vale
1351 2793 1471 2868 XXll.
1488 2793 1657 2865 Ianuarii.
1682 2788 1755 2865 An.
1772 2791 1826 2865 M.
1836 2788 1882 2864 D.
1890 2789 2044 2863 XLllll.

1809 2887 2000 2985 Philippus
2026 2890 2203 2964 Melantb.

1259 3108 1350 3119 .....-
1355 3107 1407 3113 -m
1413 3107 1431 3112 ...
1440 3099 1839 3111 -.--...-.-...-.--—-—-—-

2115 3238 2175 3303 24.
2188 3232 2252 3298 lan.

2123 3326 2242 3354 Μ

1254 3237 1322 3311 Νο.
1336 3234 1449 3308 2851.

1260 3331 1433 3362 w

1606 3399 1912 3485 Auditoribus.

1327 3547 1436 3670 Sclrlipta
1456 3541 1532 3669 233¹
1551 3544 1635 3599 Acad.
1651 3544 1743 3602 Viteb.
1766 3541 1829 3597 Vol.
1844 3545 1865 3597 l.
1882 3575 1917 3584 -
1955 3546 2054 3615 apogr.
2068 3541 2095 3595 in
2108 3540 2172 3596 rod.
2187 3540 2257 3594 Bar.

1387 3655 1395 3671 .
1414 3636 1441 3687 p.
1513 3652 1521 3667 ·

1255 3756 1516 3856 Philippus
1543 3751 1832 3830 Melanthea
1861 3751 1904 3826 de
1930 3749 2091 3825 secunda
2117 3753 2256 3854 eclipsi,

1501 3860 1563 3937 24.
1581 3856 1765 3931 Ianuarii
1778 3884 1880 3929 anna
1898 3858 2009 3933 1544.

1257 3975 1432 4068 Obscura
1464 3999 1575 4066 donec
1601 3996 1733 4085 tegitur
1757 3995 1907 4084 caligine
1934 3989 2104 4063 Phoebus

1268 4131 1271 4135 ’
1310 4099 1463 4172 Usuram
1487 4123 1552 4168 nec
1575 4101 1634 4166 dat
1661 4097 1808 4168 luminis
1835 4099 1909 4187 ipse
1932 4096 2006 4180 sui,

1260 4200 1416 4274 Auditor
1441 4202 1539 4271 luctu
1563 4222 1665 4268 veros
1692 4201 1838 4268 ostende
1865 4199 2027 4282 dolores,

1310 4303 1360 4375 Ut
1378 4300 1483 4373 Deus
1506 4325 1637 4394 poenas
1661 4301 1816 4390 mitiget,
1843 4303 1933 4369 adde
1961 4322 2099 4390 preces:

1181 4493 1201 4501 -
1258 4403 1470 4477 Omittenda
1495 4406 1605 4495 igitur
1630 4429 1727 4473 nunc
1753 4416 1805 4472 est
1830 4403 2020 4494 praelectio
2048 4402 2173 4487 nobis,

1311 4506 1399 4580 Cras
1422 4509 1560 4580 utinam
1586 4509 1705 4576 redeat
1732 4505 1860 4576 laetior
1887 4499 1973 4573 hora
2001 4529 2137 4595 precor.

1563 4711 1754 4720 ’σ--ι--ι-
1763 4710 1971 4719 .-=6-—-·—-=›-—«=
1984 4708 2048 4716 -.v-0·
2060 4711 2066 4716 ι
2081 4710 2089 4716 ι
2104 4697 2145 4716 nrt--
2160 4706 2249 4715 ...ι-υ

1262 4834 1328 4906 Νο.
1344 4831 1457 4904 2852.

1266 4929 1437 4959 m

1460 5081 1465 5089 .
1535 5001 1686 5087 Ioaair.
1722 4999 1982 5089 Cameraria

1328 5145 1413 5219 Epist.
1428 5145 1461 5200 ad
1471 5145 1611 5203 Camerar.
1626 5166 1653 5218 p.
1666 5147 1718 5205 456
1728 5166 1771 5218 eq.
1791 5149 1845 5218 (ed.
1857 5148 1946 5202 hond.
1959 5147 2009 5201 lV.
2024 5165 2067 5220 ep.
2077 5145 2163 5215 882).
2236 5215 2237 5219 Ἰ

2089 4839 2147 4905 24.
2164 4834 2227 4898 lon.

2077 4925 2245 4955 Nm

1296 5377 1323 5442 l)
1342 5375 1545 5429 Amerbacbius.

1293 5459 1321 5524 2)
1341 5458 1452 5513 hother.
1464 5457 1497 5512 C.
1510 5457 1568 5512 W.

1292 5548 1323 5616 8)
1341 5545 1414 5599 llaec
1427 5561 1484 5597 non
1499 5554 1603 5601 serrata
1617 5555 1667 5599 est.
