4868 6420
187 404 261 478 en
358 493 369 509 Ι

191 575 374 671 quaeritur
388 577 518 646 veritas
540 573 614 643 illis
625 569 757 643 fucosis
773 566 990 650 actionibus,
1015 586 1081 632 nec
1095 583 1182 631 con-

193 678 321 750 sulitur
334 678 424 771 poci.
454 676 552 748 Bene
566 688 600 748 et
617 673 769 745 feliciter
783 670 871 744 vale.
909 665 978 739 Die
991 662 1160 739 Solsticii.

840 850 936 929 Phil.
959 844 1136 924 Melanth.

366 1089 1191 1117 .-.-.-μ-,,-,,.,-.....--.---σ--

1015 1258 1188 1384 Q

626 1464 682 1549 N.
716 1460 770 1546 N.

274 1630 293 1696 †
312 1626 349 1679 Er
360 1643 452 1696 apogr.
465 1624 495 1677 in
509 1623 571 1677 cod.
583 1622 670 1677 Paris.
684 1622 720 1677 Ι).
734 1621 764 1677 L.
778 1618 811 1674 51
819 1621 838 1674 ³.
856 1645 891 1656 -
925 1613 974 1670 Est
983 1610 1095 1685 epistola
1109 1607 1195 1664 aMe·

310 1695 441 1749 leuthone
455 1693 618 1764 praescripta
631 1692 775 1762 discipulo.

468 1843 680 1920 Reverendo
708 1847 785 1918 viro
808 1840 862 1919 Ν.
886 1837 939 1918 N·

207 1963 525 2054 Reverendissime
539 1980 694 2052 Domine
710 1993 745 2050 et
760 1993 883 2072 patrue
897 1973 1085 2047 carissime.
1122 1965 1198 2036 To-

209 2099 248 2156 to
262 2100 404 2178 pectore
426 2085 494 2156 tibi
509 2086 635 2175 gratias
649 2107 712 2173 ago
727 2106 792 2173 pro
808 2095 869 2151 tua
883 2091 1029 2170 paterna
1044 2094 1124 2160 erga
1140 2091 1198 2137 me

209 2188 359 2279 pietate,
386 2201 421 2257 et
442 2188 587 2257 annitor
608 2186 707 2255 omni
730 2184 864 2266 studio,
889 2194 930 2249 ut
951 2200 1030 2246 mea
1046 2174 1199 2262 diligen-

209 2290 260 2359 tia
277 2289 315 2357 in
332 2291 499 2360 discendo
516 2302 550 2360 et
565 2288 644 2357 aliis
660 2283 819 2357 honestis
834 2282 958 2353 officiis
972 2292 1053 2349 tuae
1068 2275 1199 2344 volun-

209 2391 274 2460 tati
303 2393 533 2482 respondeat,
570 2413 631 2474 ac,
662 2386 739 2457 Deo
763 2389 890 2470 dante,
931 2379 1129 2475 perficiam,
1158 2386 1199 2444 ut

210 2515 286 2561 non
299 2493 422 2562 fallam
438 2491 710 2584 expectationem
728 2491 772 2559 de
789 2511 845 2557 me
863 2502 971 2557 tuam.

312 2591 430 2663 Multa
454 2589 513 2663 hic
534 2617 628 2663 nova
647 2593 822 2661 feruntur.
871 2585 1018 2658 Certum
1037 2592 1090 2650 est
1103 2575 1201 2647 Tur-

210 2695 303 2766 cicos
327 2695 502 2781 latrones,
535 2696 598 2789 qui
626 2706 712 2764 sunt
737 2692 879 2775 Bndae,
913 2684 1100 2779 populatos
1127 2700 1200 2796 esse

211 2796 376 2892 styriam,
389 2810 423 2867 et
438 2798 569 2867 multos
583 2797 740 2888 captivos
755 2776 1201 2872 abductoset2000Equ1-

210 2913 288 2970 tum
321 2898 496 2970 trucidata
528 2923 613 2973 esse.
670 2891 870 2967 Sodoletos
893 2885 1096 2963 Cardinalis
1127 2884 1200 2952 duo

211 3000 343 3094 oppida
365 3014 400 3070 et
423 3001 560 3094 aliquot
578 3022 687 3093 pagos
708 3023 784 3068 non
806 2994 933 3090 procul
955 2993 1001 3062 ab
1019 2986 1200 3058 Avinione

210 3098 415 3199 iuravit(?)
425 3099 461 3199 *)
478 3103 621 3173 incendi
637 3116 671 3173 et
685 3099 856 3173 trucidari
869 3097 1018 3190 puberes
1033 3103 1067 3161 et
1083 3089 1201 3180 impu·

210 3207 312 3278 heres
326 3219 514 3299 propterea
528 3207 625 3298 quod
638 3202 817 3275 Ecclesiae
839 3203 879 3270 iu
900 3224 940 3268 ea
955 3195 1098 3285 regione
1114 3213 1201 3259 con·

211 3308 354 3380 stitutae
385 3308 528 3377 fuerant
558 3309 603 3376 ad
626 3309 777 3377 formam
797 3299 989 3373 Beruensis
1011 3292 1201 3375 Ecclesiae,

211 3432 301 3503 quac
322 3409 455 3479 dicitur
467 3409 599 3479 sentire
620 3433 701 3479 cum
719 3405 849 3477 nostris
864 3399 1044 3473 Ecclesiis.
1093 3392 1202 3464 Prae·

210 3511 292 3582 fecti
307 3509 451 3580 Turrici
465 3512 665 3580 concedunt
685 3511 724 3578 in
737 3505 895 3598 Ungaria
908 3501 1060 3596 populo,
1086 3510 1127 3566 ut
1138 3519 1202 3565 vo-

111 3609 113 3613 ⁴
212 3627 293 3683 cent
312 3608 474 3683 Pastores
495 3609 736 3683 Ecclesiarum
764 3635 827 3681 suo
853 3607 1007 3686 iudicio,
1041 3597 1202 3671 etmulti

211 3727 398 3799 vocantur,
415 3716 478 3808 qni
495 3738 582 3805 pure
591 3716 720 3785 docent
734 3710 979 3801 Evangelium.
1029 3700 1083 3774 Ac
1098 3724 1202 3794 prae-

211 3816 295 3887 fecti
314 3819 534 3885 securitatem
560 3817 645 3908 ipsis
668 3815 892 3909 promittunt.
950 3806 994 3879 ln
1015 3807 1104 3878 urbe
1128 3792 1202 3872 Co-

214 3940 306 3987 rona
324 3918 420 3988 docti
434 3918 503 3988 viri
521 3919 625 3987 etiam
641 3912 928 4013 typographicam
943 3910 1120 3982 officinam
1143 3906 1202 3973 in-

212 4032 434 4104 struxerunt,
459 4031 495 4089 et
505 4043 603 4090 nune
620 4021 795 4089 excudunt
810 4039 930 4107 graece
946 4012 1115 4103 scriptum
1130 4005 1201 4078 Ca-

210 4117 439 4206 techismum,
463 4135 503 4192 ut
524 4145 649 4212 puram
664 4117 851 4209 Evangelii
871 4116 1068 4187 doctrinam
1091 4111 1131 4178 in
1146 4109 1202 4176 vi-

211 4225 309 4295 cinas
328 4237 468 4313 gentes,
494 4247 584 4316 quae
608 4245 729 4313 graeca
760 4223 882 4310 lingua
913 4229 1084 4298 utuntur,
1116 4236 1201 4305 pro-

211 4349 340 4419 pagare
358 4326 507 4417 possint.
558 4323 657 4395 Bene
671 4325 759 4399 vale.
809 4321 877 4393 Die
890 4319 968 4388 Viti
985 4313 1094 4390 1545.

797 4507 952 4579 Praescr.
967 4498 1151 4595 Philippo.

219 4749 551 4760 Ἤ..
920 4741 1201 4752 “⁹—

223 4906 290 4983 No.
303 4908 417 4983 3201.

211 5005 422 5038 m

1041 4907 1176 4978 Eblun.

1024 5000 1197 5030 Μ

575 5111 636 5201 Μ.
668 5109 843 5197 Collina.

280 5270 304 5342 †
321 5270 360 5324 Ex
377 5287 472 5343 apogr.
493 5269 522 5324 iu
540 5271 603 5327 cod.
622 5270 708 5327 Parit.
725 5270 762 5329 D.
779 5270 811 5327 1..
828 5270 888 5326 54⁵.

246 5568 276 5636 ²⁸¹)
294 5567 422 5621 iuravit?
437 5567 578 5622 Forttstet
595 5568 685 5623 torsit.

779 381 1222 470 EPISTOLARUM
1271 375 1381 454 LIB.
1402 373 1468 452 IX.
1520 372 1659 453 1515.

2155 368 2231 444 772

1252 544 1451 645 Magistro
1475 540 1704 619 Mattheo
1729 533 1924 618 Collina
1949 542 1989 617 in
2016 535 2218 617 Academia

1642 641 1839 742 Progensi.

1237 765 1282 858 S·
1306 781 1354 859 D.
1403 769 1776 856 ClarissimeColline.
1825 779 1930 852 Hanc
1944 778 2134 873 epistolam
2150 777 2236 848 scri·

1239 888 1295 980 psi
1316 886 1374 955 die
1388 882 1585 977 Baptistae,
1606 886 1759 974 collegae
1780 883 1913 968 nostri,
1939 881 2002 976 qui
2022 878 2236 954 instauravit

1240 987 1428 1078 Evangelii
1449 987 1585 1072 lucem,
1625 1010 1706 1057 cum
1726 985 1821 1057 lilius
1841 983 1910 1056 Dei
1932 1006 1969 1054 se
1990 983 2111 1075 palam
2133 980 2235 1053 terris

1242 1116 1282 1162 ac
1304 1089 1425 1180 generi
1445 1083 1602 1158 humano
1623 1090 1834 1160 ostenderet.
1891 1083 2104 1176 Cogitabam
2129 1083 2234 1174 igitur

1243 1192 1400 1285 pericula
1422 1191 1537 1260 nostri
1559 1189 1717 1275 ordinis,
1741 1190 1823 1260 illos
1836 1210 1993 1259 summos
2009 1187 2110 1257 viros
2119 1198 2232 1256 mente

1245 1296 1408 1377 intuens,
1441 1317 1481 1362 ac
1510 1315 1566 1361 me
1587 1292 1681 1361 fama
1708 1293 1751 1361 de
1775 1292 1929 1361 discessu
1954 1277 2096 1359 Caroli
2120 1286 2235 1382 quinti

1245 1394 1472 1489 Imperatoris
1488 1417 1528 1462 er
1543 1405 1740 1479 conventu,
1765 1394 1828 1487 qui
1841 1392 1911 1462 fuit
1924 1391 1964 1460 in
1975 1392 2067 1463 urbe
2079 1387 2235 1481 Vangio-

1245 1522 1350 1582 num,
1376 1510 1417 1565 ut
1433 1490 1520 1564 haec
1536 1495 1705 1566 attentius
1720 1496 1930 1586 cogitarem,
1954 1504 2128 1567 moverat.
2168 1490 2236 1562 Po-

1245 1598 1388 1670 stulavit
1402 1594 1552 1667 Carolus
1568 1597 1777 1688 imperator,
1793 1611 1835 1667 ut
1849 1595 1963 1665 nostri
1977 1594 2237 1688 promitterent,

1246 1726 1282 1771 se
1300 1700 1533 1792 permissuros
1556 1698 1793 1788 cognitionem
1823 1697 1969 1794 Synodo
1995 1690 2239 1782 Tridentinae,

1247 1829 1285 1873 ac
1299 1801 1474 1884 ostendit,
1496 1823 1533 1869 se
1548 1813 1771 1880 curaturum,
1796 1813 1837 1869 ut
1851 1823 1906 1869 res
1919 1799 2166 1871 iudicarentur
2178 1821 2238 1891 per

1247 1899 1409 1974 homines
1432 1902 1601 1987 delectos,
1625 1925 1700 1971 non
1722 1925 1786 1992 per
1800 1898 2003 1973 Romanum
2018 1899 2240 1976 Pontificem.

1247 2005 1369 2075 Nostri
1385 2000 1441 2072 his
1459 2004 1640 2095 promissis
1655 2027 1728 2072 non
1744 2004 1822 2073 ausi
1834 2018 1917 2074 sunt
1931 2004 2052 2078 fidere.
2101 1999 2240 2073 Disces-

1248 2108 1295 2177 sit
1318 2107 1427 2196 igitur
1449 2103 1539 2197 Imp.
1558 2102 1727 2190 Carolus,
1759 2118 1794 2175 et
1815 2119 2011 2176 conventus
2032 2124 2239 2200 καταστρο-

1248 2203 1326 2304 φὴν
1347 2204 1471 2291 habet,
1496 2219 1537 2276 ut
1551 2207 1678 2292 audio,
1701 2207 1884 2282 incertam.
1935 2205 2007 2278 Sed
2027 2204 2149 2278 Deum
2164 2228 2242 2276 ore-

1249 2333 1347 2395 mus,
1371 2321 1412 2378 ut
1426 2305 1619 2378 Ecclesiam
1632 2309 1701 2379 sibi
1718 2308 1878 2399 colligat,
1903 2321 2017 2381 servet
2034 2323 2071 2382 et
2093 2320 2203 2399 regal.

1350 2407 1458 2479 Hunc
1476 2402 1686 2479 Iohannem
1712 2411 1780 2480 tibi
1801 2413 2024 2482 commendo.
2076 2407 2241 2503 Comperi

1250 2512 1345 2581 enirn
1362 2510 1457 2581 bono
1474 2512 1616 2602 ingenio
1632 2512 1834 2605 praeditum
1850 2537 1940 2599 esse,
1964 2527 1999 2584 et
2017 2511 2174 2583 feliciter
2188 2511 2241 2581 di·

1250 2613 1376 2684 dicisse
1398 2637 1479 2682 eum
1502 2637 1558 2683 res
1582 2609 1757 2688 honestas.
1809 2612 1888 2707 lpse
1910 2615 2030 2686 statim
2054 2614 2241 2704 intelliges,

1251 2739 1359 2809 quare
1375 2740 1455 2785 eum
1472 2717 1713 2809 complectere.
1765 2715 1963 2788 Foveamus
1977 2729 2145 2787 nostrum
2167 2737 2243 2806 gre·

1250 2841 1346 2908 gem,
1372 2813 1441 2887 hoc
1468 2830 1519 2887 est
1542 2812 1704 2888 homines
1717 2819 1823 2889 bonis
1842 2819 1993 2910 ingeniis
2008 2819 2194 2911 praeditos
2212 2830 2244 2888 et

1251 2918 1406 2989 excultos
1433 2918 1546 2990 literis
1573 2944 1614 2991 ac
1647 2922 1932 2992 circumferentes
1952 2920 2160 2991 doctrinam
2181 2918 2244 2989 lilii

1250 3018 1318 3090 Dei
1340 3045 1379 3090 ac
1400 3021 1634 3106 celebrantes,
1668 3037 1710 3093 ut
1737 3021 1897 3115 Baptista
1928 3023 2150 3107 celebrabat,
2181 3044 2243 3090 nec

1249 3123 1452 3211 frangamur
1473 3124 1620 3208 animis,
1651 3124 1788 3195 etiamsi
1809 3125 1967 3217 pericula
1987 3136 2244 3218 proponantur.

1251 3222 1415 3295 Servabit
1430 3225 1525 3293 enirn
1540 3226 1639 3295 Deus
1655 3224 1850 3298 Ecclesiam
1863 3250 1975 3301 suam.
2026 3225 2132 3297 Bene
2147 3238 2184 3297 et
2195 3226 2243 3295 fe-

1250 3326 1365 3396 liciter
1379 3326 1470 3400 vale.
1497 3325 1608 3402 1545.

1257 3529 1821 3541 ...β-...Μὴ

1252 3669 1317 3742 No,
1335 3669 1448 3744 3202.

1251 3764 1422 3792 Μ

2094 3671 2232 3747 wion.

2067 3766 2237 3796 Μ

1516 3866 1701 3985 Georgia
1728 3868 1988 3958 Antonino.

1351 4033 1435 4108 Epio.
1451 4032 1541 4091 lib.ll.
1556 4053 1582 4105 p.
1598 4034 1657 4090 190.
1676 4033 1752 4105 (edit.
1766 4033 1857 4094 Lond.
1870 4035 1920 4092 lib.
1932 4034 1967 4091 ll.
1981 4053 2024 4108 ep.
2038 4036 2127 4105 teo).

1386 4188 1443 4264 D.
1470 4185 1644 4286 Georgi
1650 4215 1671 4262 o
1696 4186 1868 4286 Principi
1892 4191 1933 4262 r'n
1958 4187 2112 4265 Ankale

1250 4319 1293 4409 S·
1318 4336 1365 4412 D.
1422 4337 1664 4409 Illustrissime
1698 4336 1886 4431 Princeps,
1936 4337 2019 4411 Scio
2049 4339 2093 4416 C.
2116 4340 2163 4412 V.
2184 4364 2242 4412 suo

1251 4441 1457 4532 gravissimo
1474 4441 1607 4511 iudicio
1623 4442 1740 4511 favere
1755 4441 1937 4512 laboribus
1951 4443 2140 4514 edentium
2154 4446 2244 4516 bona

1251 4543 1391 4634 scripta.
1420 4541 1504 4613 ldeo
1520 4542 1663 4613 brevius
1672 4543 1897 4614 scribendum
1912 4567 1984 4613 esse
1997 4548 2136 4618 censui.
2158 4545 2245 4618 Nul-

1252 4646 1307 4714 lus
1328 4657 1444 4714 autem
1467 4638 1647 4736 Propheta
1670 4658 1742 4714 tam
1765 4646 1924 4716 obscuris
1951 4659 1985 4716 et
2008 4647 2244 4742 praeposteris

1253 4745 1537 4817 enarrationibus
1561 4746 1820 4820 contaminatus
1844 4748 1912 4818 fuit
1931 4760 2013 4818 ante
2042 4745 2136 4823 haec
2159 4765 2244 4824 tem·
2270 4837 2274 4845 .

1195 4866 1200 4872 ·
1251 4872 1358 4940 pora,
1381 4862 1423 4919 ut
1437 4846 1582 4921 Hoseas.
1634 4847 1754 4937 Quare
1775 4850 1902 4920 merito
1922 4851 2180 4938 gratulandum
2198 4865 2247 4922 est

1252 4946 1430 5020 Ecclesiae
1450 4946 1539 5030 Dei,
1565 4952 1661 5043 quod
1682 4974 1780 5021 nunc
1798 4949 1867 5021 Dei
1885 4951 2081 5033 beneficio,
2110 4955 2246 5027 erudita

1253 5065 1288 5122 et
1304 5052 1438 5122 sincera
1455 5051 1699 5144 interpretatio
1715 5053 1841 5123 editur.
1893 5051 1997 5125 Hanc
2012 5057 2161 5149 collegit
2178 5053 2222 5130 V
2216 5054 2247 5126 i-

1252 5162 1312 5223 lus
1335 5146 1621 5247 Noribergensis
1644 5177 1772 5244 magno
1794 5155 1935 5242 labore,
1969 5170 2004 5226 et
2029 5156 2246 5232 Celsitndini

1179 5288 1186 5302 =
1253 5255 1398 5325 Vestrae
1414 5256 1571 5325 dedicari
1586 5256 1701 5326 voluit
1710 5250 1767 5352 *),
1791 5257 1930 5352 fuitque
1952 5259 1986 5328 ei
2004 5253 2174 5334 hortator
2194 5263 2247 5332 vir

1253 5422 1462 5436 *-

1285 5493 1316 5564 *)
1338 5495 1395 5570 „lu
1413 5493 1530 5548 floream
1550 5493 1709 5566 prophetam
1729 5496 1766 5552 1).
1789 5494 1902 5551 Martini
1920 5495 2032 5552 Lutberi
2057 5501 2245 5558 enarrationi

1318 5565 1378 5637 ipso
1397 5563 1426 5617 in
1445 5563 1561 5634 publicis
1575 5562 1739 5619 lectionibus
1751 5565 1848 5621 tradita
1862 5577 1890 5620 et
1902 5579 1995 5639 postea
2007 5570 2172 5645 recognita,
2189 5574 2246 5629 eol·
