<?xml version="1.0" encoding="UTF-8"?>
<!DOCTYPE html PUBLIC "-//W3C//DTD XHTML 1.0 Transitional//EN"
    "http://www.w3.org/TR/xhtml1/DTD/xhtml1-transitional.dtd">
<html xmlns="http://www.w3.org/1999/xhtml" xml:lang="en" lang="en">
 <head>
  <title>
</title>
<meta http-equiv="Content-Type" content="text/html;charset=utf-8" />
  <meta name='ocr-system' content='tesseract 3.04.00' />
  <meta name='ocr-capabilities' content='ocr_page ocr_carea ocr_par ocr_line ocrx_word'/>
</head>
<body>
  <div class='ocr_page' id='page_1' title='image "./philippimelanth13melagoog/philippimelanth13melagoog_0156.png"; bbox 0 0 4868 6420; ppageno 0'>
   <div class='ocr_carea' id='block_1_1' title="bbox 303 266 2350 441">
    <p class='ocr_par' dir='ltr' id='par_1_1' title="bbox 303 266 2350 441">
     <span class='ocr_line' id='line_1_1' title="bbox 303 266 2350 441; baseline 0.001 -33"><span class='ocrx_word' id='word_1_1' title='bbox 303 328 379 409; x_wconf 72' lang='grc' dir='ltr'><strong>αα</strong></span> <span class='ocrx_word' id='word_1_2' title='bbox 878 325 1317 441; x_wconf 79' lang='lat' dir='ltr'><strong>urrsrounnun</strong></span> <span class='ocrx_word' id='word_1_3' title='bbox 1368 326 1481 408; x_wconf 79' lang='lat' dir='ltr'><strong>cru.</strong></span> <span class='ocrx_word' id='word_1_4' title='bbox 1512 327 1579 408; x_wconf 70' lang='grc' dir='ltr'><strong>ια.</strong></span> <span class='ocrx_word' id='word_1_5' title='bbox 1631 325 1766 407; x_wconf 77' lang='lat' dir='ltr'><strong>ests.</strong></span> <span class='ocrx_word' id='word_1_6' title='bbox 1956 266 1961 274; x_wconf 6' lang='grc' dir='ltr'><strong>ἡ</strong></span> <span class='ocrx_word' id='word_1_7' title='bbox 2270 334 2350 410; x_wconf 82' lang='lat' dir='ltr'><strong>sss</strong></span> 
     </span>
    </p>
   </div>
   <div class='ocr_carea' id='block_1_2' title="bbox 197 472 2354 3529">
    <p class='ocr_par' dir='ltr' id='par_1_2' title="bbox 308 472 2347 600">
     <span class='ocr_line' id='line_1_2' title="bbox 308 472 2347 600; baseline -0.001 -22"><span class='ocrx_word' id='word_1_8' title='bbox 308 499 435 578; x_wconf 85' lang='lat' dir='ltr'><strong>natura</strong></span> <span class='ocrx_word' id='word_1_9' title='bbox 458 505 586 575; x_wconf 90' lang='lat' dir='ltr'><strong>multas</strong></span> <span class='ocrx_word' id='word_1_10' title='bbox 609 525 682 572; x_wconf 90' lang='lat' dir='ltr'><strong>esse</strong></span> <span class='ocrx_word' id='word_1_11' title='bbox 699 500 973 586; x_wconf 69' lang='lat' dir='ltr'><strong>occultationes,</strong></span> <span class='ocrx_word' id='word_1_12' title='bbox 1002 472 1245 575; x_wconf 83' lang='lat' dir='ltr'><strong>simulationes</strong></span> <span class='ocrx_word' id='word_1_13' title='bbox 1265 512 1300 570; x_wconf 89' lang='lat' dir='ltr'><strong>et</strong></span> <span class='ocrx_word' id='word_1_14' title='bbox 1348 523 1424 571; x_wconf 90' lang='lat' dir='ltr'><strong>cem</strong></span> <span class='ocrx_word' id='word_1_15' title='bbox 1442 524 1603 572; x_wconf 87' lang='lat' dir='ltr'><strong>mearum</strong></span> <span class='ocrx_word' id='word_1_16' title='bbox 1619 524 1740 573; x_wconf 91' lang='lat' dir='ltr'><strong>rerum</strong></span> <span class='ocrx_word' id='word_1_17' title='bbox 1760 514 1908 587; x_wconf 89' lang='lat' dir='ltr'><strong>statum,</strong></span> <span class='ocrx_word' id='word_1_18' title='bbox 1931 504 1977 573; x_wconf 88' lang='lat' dir='ltr'><strong>de</strong></span> <span class='ocrx_word' id='word_1_19' title='bbox 1991 500 2079 574; x_wconf 90' lang='lat' dir='ltr'><strong>meis</strong></span> <span class='ocrx_word' id='word_1_20' title='bbox 2092 502 2220 575; x_wconf 88' lang='lat' dir='ltr'><strong>studiis</strong></span> <span class='ocrx_word' id='word_1_21' title='bbox 2235 527 2347 600; x_wconf 89' lang='lat' dir='ltr'><strong>quae-</strong></span> 
     </span>
    </p>

    <p class='ocr_par' dir='ltr' id='par_1_3' title="bbox 197 603 2354 3529">
     <span class='ocr_line' id='line_1_3' title="bbox 197 603 1839 695; baseline -0.003 -14"><span class='ocrx_word' id='word_1_22' title='bbox 197 660 201 669; x_wconf 77' lang='lat'><strong>,</strong></span> <span class='ocrx_word' id='word_1_23' title='bbox 310 606 621 681; x_wconf 78' lang='lat' dir='ltr'><strong>dissimulationes.</strong></span> <span class='ocrx_word' id='word_1_24' title='bbox 677 603 748 674; x_wconf 89' lang='lat' dir='ltr'><strong>Sed</strong></span> <span class='ocrx_word' id='word_1_25' title='bbox 770 616 888 673; x_wconf 89' lang='lat' dir='ltr'><strong>tamen</strong></span> <span class='ocrx_word' id='word_1_26' title='bbox 912 604 1140 695; x_wconf 76' lang='lat' dir='ltr'><strong>sapientiae,</strong></span> <span class='ocrx_word' id='word_1_27' title='bbox 1160 603 1302 675; x_wconf 88' lang='lat' dir='ltr'><strong>virtutis</strong></span> <span class='ocrx_word' id='word_1_28' title='bbox 1349 605 1431 673; x_wconf 93' lang='lat' dir='ltr'><strong>dam</strong></span> <span class='ocrx_word' id='word_1_29' title='bbox 1446 604 1633 673; x_wconf 87' lang='lat' dir='ltr'><strong>scribenda</strong></span> <span class='ocrx_word' id='word_1_30' title='bbox 1649 626 1722 672; x_wconf 85' lang='lat' dir='ltr'><strong>esse</strong></span> <span class='ocrx_word' id='word_1_31' title='bbox 1742 603 1839 676; x_wconf 88' lang='lat' dir='ltr'><strong>duxi.</strong></span> 
     </span>
     <span class='ocr_line' id='line_1_4' title="bbox 312 700 2346 799; baseline 0 -20"><span class='ocrx_word' id='word_1_32' title='bbox 312 708 542 799; x_wconf 84' lang='lat' dir='ltr'><strong>etgravitatis</strong></span> <span class='ocrx_word' id='word_1_33' title='bbox 558 718 692 775; x_wconf 88' lang='lat' dir='ltr'><strong>vestrae</strong></span> <span class='ocrx_word' id='word_1_34' title='bbox 715 715 785 790; x_wconf 88' lang='lat' dir='ltr'><strong>est,</strong></span> <span class='ocrx_word' id='word_1_35' title='bbox 807 706 870 774; x_wconf 92' lang='lat' dir='ltr'><strong>illo</strong></span> <span class='ocrx_word' id='word_1_36' title='bbox 893 719 1042 794; x_wconf 74' lang='lat' dir='ltr'><strong>negante</strong></span> <span class='ocrx_word' id='word_1_37' title='bbox 1058 701 1302 775; x_wconf 90' lang='lat' dir='ltr'><strong>vehementius</strong></span> <span class='ocrx_word' id='word_1_38' title='bbox 1451 703 1585 774; x_wconf 88' lang='lat' dir='ltr'><strong>Versor</strong></span> <span class='ocrx_word' id='word_1_39' title='bbox 1607 704 1677 773; x_wconf 86' lang='lat' dir='ltr'><strong>iam</strong></span> <span class='ocrx_word' id='word_1_40' title='bbox 1703 706 1821 797; x_wconf 85' lang='lat' dir='ltr'><strong>sesqui</strong></span> <span class='ocrx_word' id='word_1_41' title='bbox 1844 729 1939 774; x_wconf 93' lang='lat' dir='ltr'><strong>anno</strong></span> <span class='ocrx_word' id='word_1_42' title='bbox 1962 703 2001 773; x_wconf 89' lang='lat' dir='ltr'><strong>in</strong></span> <span class='ocrx_word' id='word_1_43' title='bbox 2018 700 2209 776; x_wconf 80' lang='lat' dir='ltr'><strong>Academia</strong></span> <span class='ocrx_word' id='word_1_44' title='bbox 2231 704 2346 779; x_wconf 86' lang='lat' dir='ltr'><strong>Saxo·</strong></span> 
     </span>
     <span class='ocr_line' id='line_1_5' title="bbox 312 804 2343 898; baseline -0.001 -17"><span class='ocrx_word' id='word_1_45' title='bbox 312 811 455 882; x_wconf 88' lang='lat' dir='ltr'><strong>instare.</strong></span> <span class='ocrx_word' id='word_1_46' title='bbox 505 807 598 878; x_wconf 90' lang='lat' dir='ltr'><strong>Nam</strong></span> <span class='ocrx_word' id='word_1_47' title='bbox 620 808 649 876; x_wconf 90' lang='lat' dir='ltr'><strong>si</strong></span> <span class='ocrx_word' id='word_1_48' title='bbox 673 806 827 892; x_wconf 85' lang='lat' dir='ltr'><strong>lecisset,</strong></span> <span class='ocrx_word' id='word_1_49' title='bbox 862 809 1079 897; x_wconf 78' lang='lat' dir='ltr'><strong>approbante</strong></span> <span class='ocrx_word' id='word_1_50' title='bbox 1101 820 1162 877; x_wconf 88' lang='lat' dir='ltr'><strong>aut</strong></span> <span class='ocrx_word' id='word_1_51' title='bbox 1184 829 1303 876; x_wconf 90' lang='lat' dir='ltr'><strong>assen·</strong></span> <span class='ocrx_word' id='word_1_52' title='bbox 1351 807 1447 890; x_wconf 89' lang='lat' dir='ltr'><strong>nica,</strong></span> <span class='ocrx_word' id='word_1_53' title='bbox 1477 807 1518 874; x_wconf 93' lang='lat' dir='ltr'><strong>in</strong></span> <span class='ocrx_word' id='word_1_54' title='bbox 1540 829 1610 898; x_wconf 93' lang='lat' dir='ltr'><strong>qua</strong></span> <span class='ocrx_word' id='word_1_55' title='bbox 1632 807 1858 878; x_wconf 84' lang='lat' dir='ltr'><strong>mediocriter</strong></span> <span class='ocrx_word' id='word_1_56' title='bbox 1878 804 1946 876; x_wconf 91' lang='lat' dir='ltr'><strong>Dei</strong></span> <span class='ocrx_word' id='word_1_57' title='bbox 1975 805 2146 876; x_wconf 86' lang='lat' dir='ltr'><strong>beneficio</strong></span> <span class='ocrx_word' id='word_1_58' title='bbox 2181 809 2343 879; x_wconf 92' lang='lat' dir='ltr'><strong>omnium</strong></span> 
     </span>
     <span class='ocr_line' id='line_1_6' title="bbox 312 906 2344 1002; baseline -0.002 -18"><span class='ocrx_word' id='word_1_59' title='bbox 312 913 421 984; x_wconf 86' lang='lat' dir='ltr'><strong>tiente</strong></span> <span class='ocrx_word' id='word_1_60' title='bbox 442 909 524 994; x_wconf 89' lang='lat' dir='ltr'><strong>illo,</strong></span> <span class='ocrx_word' id='word_1_61' title='bbox 565 911 609 977; x_wconf 91' lang='lat' dir='ltr'><strong>de</strong></span> <span class='ocrx_word' id='word_1_62' title='bbox 634 932 704 1000; x_wconf 93' lang='lat' dir='ltr'><strong>quo</strong></span> <span class='ocrx_word' id='word_1_63' title='bbox 737 906 980 999; x_wconf 88' lang='lat' dir='ltr'><strong>suspicamini,</strong></span> <span class='ocrx_word' id='word_1_64' title='bbox 1016 906 1118 978; x_wconf 86' lang='lat' dir='ltr'><strong>fateri</strong></span> <span class='ocrx_word' id='word_1_65' title='bbox 1147 909 1303 990; x_wconf 82' lang='lat' dir='ltr'><strong>auderet,</strong></span> <span class='ocrx_word' id='word_1_66' title='bbox 1351 908 1481 977; x_wconf 89' lang='lat' dir='ltr'><strong>artium</strong></span> <span class='ocrx_word' id='word_1_67' title='bbox 1505 907 1621 976; x_wconf 90' lang='lat' dir='ltr'><strong>studia</strong></span> <span class='ocrx_word' id='word_1_68' title='bbox 1646 907 1786 978; x_wconf 87' lang='lat' dir='ltr'><strong>florent.</strong></span> <span class='ocrx_word' id='word_1_69' title='bbox 1838 906 1908 979; x_wconf 87' lang='lat' dir='ltr'><strong>Sed</strong></span> <span class='ocrx_word' id='word_1_70' title='bbox 1930 931 1993 998; x_wconf 81' lang='lat' dir='ltr'><strong>ego</strong></span> <span class='ocrx_word' id='word_1_71' title='bbox 2016 932 2072 975; x_wconf 92' lang='lat' dir='ltr'><strong>me</strong></span> <span class='ocrx_word' id='word_1_72' title='bbox 2093 911 2280 1002; x_wconf 89' lang='lat' dir='ltr'><strong>praecipue</strong></span> <span class='ocrx_word' id='word_1_73' title='bbox 2303 911 2344 980; x_wconf 91' lang='lat' dir='ltr'><strong>in</strong></span> 
     </span>
     <span class='ocr_line' id='line_1_7' title="bbox 312 1003 2345 1103; baseline -0.001 -19"><span class='ocrx_word' id='word_1_74' title='bbox 312 1028 347 1084; x_wconf 90' lang='lat' dir='ltr'><strong>et</strong></span> <span class='ocrx_word' id='word_1_75' title='bbox 362 1009 507 1082; x_wconf 87' lang='lat' dir='ltr'><strong>haberet</strong></span> <span class='ocrx_word' id='word_1_76' title='bbox 521 1011 751 1079; x_wconf 81' lang='lat' dir='ltr'><strong>defensorem.</strong></span> <span class='ocrx_word' id='word_1_77' title='bbox 784 1007 861 1097; x_wconf 84' lang='lat' dir='ltr'><strong>Ego</strong></span> <span class='ocrx_word' id='word_1_78' title='bbox 877 1033 1019 1099; x_wconf 85' lang='lat' dir='ltr'><strong>prorsus</strong></span> <span class='ocrx_word' id='word_1_79' title='bbox 1035 1010 1206 1092; x_wconf 87' lang='lat' dir='ltr'><strong>arbitror,</strong></span> <span class='ocrx_word' id='word_1_80' title='bbox 1226 1008 1304 1076; x_wconf 90' lang='lat' dir='ltr'><strong>edi·</strong></span> <span class='ocrx_word' id='word_1_81' title='bbox 1351 1009 1462 1078; x_wconf 89' lang='lat' dir='ltr'><strong>latina</strong></span> <span class='ocrx_word' id='word_1_82' title='bbox 1476 1009 1616 1097; x_wconf 77' lang='lat' dir='ltr'><strong>lingua,</strong></span> <span class='ocrx_word' id='word_1_83' title='bbox 1640 1010 1772 1097; x_wconf 83' lang='lat' dir='ltr'><strong>graecis</strong></span> <span class='ocrx_word' id='word_1_84' title='bbox 1788 1009 1918 1093; x_wconf 87' lang='lat' dir='ltr'><strong>literis,</strong></span> <span class='ocrx_word' id='word_1_85' title='bbox 1943 1022 1976 1079; x_wconf 89' lang='lat' dir='ltr'><strong>et</strong></span> <span class='ocrx_word' id='word_1_86' title='bbox 1999 1003 2247 1101; x_wconf 86' lang='lat' dir='ltr'><strong>philosophiae</strong></span> <span class='ocrx_word' id='word_1_87' title='bbox 2269 1012 2345 1103; x_wconf 80' lang='lat' dir='ltr'><strong>ele·</strong></span> 
     </span>
     <span class='ocr_line' id='line_1_8' title="bbox 312 1104 2343 1204; baseline -0.001 -19"><span class='ocrx_word' id='word_1_88' title='bbox 312 1116 446 1186; x_wconf 89' lang='lat' dir='ltr'><strong>tionem</strong></span> <span class='ocrx_word' id='word_1_89' title='bbox 461 1109 729 1181; x_wconf 83' lang='lat' dir='ltr'><strong>Erfurdiensem</strong></span> <span class='ocrx_word' id='word_1_90' title='bbox 753 1133 849 1194; x_wconf 89' lang='lat' dir='ltr'><strong>esse,</strong></span> <span class='ocrx_word' id='word_1_91' title='bbox 871 1125 932 1180; x_wconf 89' lang='lat' dir='ltr'><strong>aut</strong></span> <span class='ocrx_word' id='word_1_92' title='bbox 948 1111 1045 1180; x_wconf 91' lang='lat' dir='ltr'><strong>illius</strong></span> <span class='ocrx_word' id='word_1_93' title='bbox 1061 1104 1305 1204; x_wconf 87' lang='lat' dir='ltr'><strong>Typographi,</strong></span> <span class='ocrx_word' id='word_1_94' title='bbox 1351 1111 1480 1178; x_wconf 88' lang='lat' dir='ltr'><strong>mentis</strong></span> <span class='ocrx_word' id='word_1_95' title='bbox 1497 1109 1654 1193; x_wconf 80' lang='lat' dir='ltr'><strong>exercui,</strong></span> <span class='ocrx_word' id='word_1_96' title='bbox 1677 1123 1713 1178; x_wconf 92' lang='lat' dir='ltr'><strong>et</strong></span> <span class='ocrx_word' id='word_1_97' title='bbox 1734 1134 1936 1204; x_wconf 90' lang='lat' dir='ltr'><strong>quanquam</strong></span> <span class='ocrx_word' id='word_1_98' title='bbox 1952 1109 2070 1179; x_wconf 89' lang='lat' dir='ltr'><strong>minus</strong></span> <span class='ocrx_word' id='word_1_99' title='bbox 2091 1135 2198 1203; x_wconf 91' lang='lat' dir='ltr'><strong>quam</strong></span> <span class='ocrx_word' id='word_1_100' title='bbox 2213 1115 2343 1183; x_wconf 87' lang='lat' dir='ltr'><strong>vellem</strong></span> 
     </span>
     <span class='ocr_line' id='line_1_9' title="bbox 313 1208 2344 1311; baseline -0 -25"><span class='ocrx_word' id='word_1_101' title='bbox 313 1217 378 1311; x_wconf 94' lang='lat' dir='ltr'><strong>qui</strong></span> <span class='ocrx_word' id='word_1_102' title='bbox 397 1215 466 1284; x_wconf 85' lang='lat' dir='ltr'><strong>luit</strong></span> <span class='ocrx_word' id='word_1_103' title='bbox 487 1214 526 1281; x_wconf 94' lang='lat' dir='ltr'><strong>in</strong></span> <span class='ocrx_word' id='word_1_104' title='bbox 548 1208 784 1303; x_wconf 67' lang='lat' dir='ltr'><strong>lliolfenbt‘ttd,</strong></span> <span class='ocrx_word' id='word_1_105' title='bbox 819 1225 852 1280; x_wconf 91' lang='lat' dir='ltr'><strong>et</strong></span> <span class='ocrx_word' id='word_1_106' title='bbox 876 1212 1032 1280; x_wconf 90' lang='lat' dir='ltr'><strong>nuncin</strong></span> <span class='ocrx_word' id='word_1_107' title='bbox 1056 1210 1216 1301; x_wconf 84' lang='lat' dir='ltr'><strong>Regione</strong></span> <span class='ocrx_word' id='word_1_108' title='bbox 1241 1211 1303 1278; x_wconf 91' lang='lat' dir='ltr'><strong>illo</strong></span> <span class='ocrx_word' id='word_1_109' title='bbox 1352 1211 1504 1305; x_wconf 79' lang='lat' dir='ltr'><strong>profeci,</strong></span> <span class='ocrx_word' id='word_1_110' title='bbox 1537 1223 1656 1280; x_wconf 85' lang='lat' dir='ltr'><strong>tamen</strong></span> <span class='ocrx_word' id='word_1_111' title='bbox 1678 1235 1733 1279; x_wconf 91' lang='lat' dir='ltr'><strong>me</strong></span> <span class='ocrx_word' id='word_1_112' title='bbox 1755 1235 1829 1280; x_wconf 92' lang='lat' dir='ltr'><strong>non</strong></span> <span class='ocrx_word' id='word_1_113' title='bbox 1851 1213 2025 1303; x_wconf 90' lang='lat' dir='ltr'><strong>poenitet,</strong></span> <span class='ocrx_word' id='word_1_114' title='bbox 2056 1224 2155 1282; x_wconf 90' lang='lat' dir='ltr'><strong>tanta</strong></span> <span class='ocrx_word' id='word_1_115' title='bbox 2176 1214 2344 1285; x_wconf 87' lang='lat' dir='ltr'><strong>varietate</strong></span> 
     </span>
     <span class='ocr_line' id='line_1_10' title="bbox 312 1307 2345 1399; baseline -0.001 -11"><span class='ocrx_word' id='word_1_116' title='bbox 312 1320 391 1388; x_wconf 92' lang='lat' dir='ltr'><strong>loco</strong></span> <span class='ocrx_word' id='word_1_117' title='bbox 414 1314 530 1384; x_wconf 91' lang='lat' dir='ltr'><strong>vicina</strong></span> <span class='ocrx_word' id='word_1_118' title='bbox 551 1309 699 1384; x_wconf 89' lang='lat' dir='ltr'><strong>habitat.</strong></span> <span class='ocrx_word' id='word_1_119' title='bbox 748 1310 923 1383; x_wconf 89' lang='lat' dir='ltr'><strong>Consului</strong></span> <span class='ocrx_word' id='word_1_120' title='bbox 948 1313 1071 1397; x_wconf 91' lang='lat' dir='ltr'><strong>etiam,</strong></span> <span class='ocrx_word' id='word_1_121' title='bbox 1095 1328 1224 1382; x_wconf 90' lang='lat' dir='ltr'><strong>utnon</strong></span> <span class='ocrx_word' id='word_1_122' title='bbox 1241 1313 1303 1380; x_wconf 88' lang='lat' dir='ltr'><strong>da·</strong></span> <span class='ocrx_word' id='word_1_123' title='bbox 1353 1312 1533 1381; x_wconf 89' lang='lat' dir='ltr'><strong>doctrinae</strong></span> <span class='ocrx_word' id='word_1_124' title='bbox 1548 1325 1711 1382; x_wconf 83' lang='lat' dir='ltr'><strong>ornatam</strong></span> <span class='ocrx_word' id='word_1_125' title='bbox 1727 1307 1957 1382; x_wconf 85' lang='lat' dir='ltr'><strong>Academiam</strong></span> <span class='ocrx_word' id='word_1_126' title='bbox 1972 1312 2121 1399; x_wconf 87' lang='lat' dir='ltr'><strong>vidisse,</strong></span> <span class='ocrx_word' id='word_1_127' title='bbox 2155 1328 2191 1385; x_wconf 87' lang='lat' dir='ltr'><strong>et</strong></span> <span class='ocrx_word' id='word_1_128' title='bbox 2212 1316 2345 1386; x_wconf 85' lang='lat' dir='ltr'><strong>doctis-</strong></span> 
     </span>
     <span class='ocr_line' id='line_1_11' title="bbox 255 1406 2345 1508; baseline 0.001 -24"><span class='ocrx_word' id='word_1_129' title='bbox 255 1472 266 1484; x_wconf 76' lang='lat'><strong>,</strong></span> <span class='ocrx_word' id='word_1_130' title='bbox 313 1433 412 1489; x_wconf 92' lang='lat' dir='ltr'><strong>retur</strong></span> <span class='ocrx_word' id='word_1_131' title='bbox 426 1430 540 1486; x_wconf 87' lang='lat' dir='ltr'><strong>vester</strong></span> <span class='ocrx_word' id='word_1_132' title='bbox 556 1414 648 1483; x_wconf 91' lang='lat' dir='ltr'><strong>liber</strong></span> <span class='ocrx_word' id='word_1_133' title='bbox 664 1406 825 1508; x_wconf 80' lang='lat' dir='ltr'><strong>Georgso</strong></span> <span class='ocrx_word' id='word_1_134' title='bbox 842 1407 995 1499; x_wconf 62' lang='lat' dir='ltr'><strong>Rham,</strong></span> <span class='ocrx_word' id='word_1_135' title='bbox 1021 1411 1145 1495; x_wconf 90' lang='lat' dir='ltr'><strong>†nam</strong></span> <span class='ocrx_word' id='word_1_136' title='bbox 1169 1414 1198 1480; x_wconf 92' lang='lat' dir='ltr'><strong>is</strong></span> <span class='ocrx_word' id='word_1_137' title='bbox 1222 1438 1304 1481; x_wconf 82' lang='lat' dir='ltr'><strong>mox</strong></span> <span class='ocrx_word' id='word_1_138' title='bbox 1353 1414 1525 1483; x_wconf 86' lang='lat' dir='ltr'><strong>simorum</strong></span> <span class='ocrx_word' id='word_1_139' title='bbox 1548 1408 1735 1482; x_wconf 89' lang='lat' dir='ltr'><strong>hominum</strong></span> <span class='ocrx_word' id='word_1_140' title='bbox 1761 1414 1890 1484; x_wconf 89' lang='lat' dir='ltr'><strong>iudicia</strong></span> <span class='ocrx_word' id='word_1_141' title='bbox 1914 1416 1958 1483; x_wconf 90' lang='lat' dir='ltr'><strong>de</strong></span> <span class='ocrx_word' id='word_1_142' title='bbox 1981 1415 2104 1484; x_wconf 89' lang='lat' dir='ltr'><strong>multis</strong></span> <span class='ocrx_word' id='word_1_143' title='bbox 2119 1416 2225 1486; x_wconf 84' lang='lat' dir='ltr'><strong>rebus</strong></span> <span class='ocrx_word' id='word_1_144' title='bbox 2242 1418 2345 1488; x_wconf 87' lang='lat' dir='ltr'><strong>audi-</strong></span> 
     </span>
     <span class='ocr_line' id='line_1_12' title="bbox 313 1508 2347 1607; baseline -0.001 -16"><span class='ocrx_word' id='word_1_145' title='bbox 313 1520 466 1592; x_wconf 84' lang='lat' dir='ltr'><strong>adferret</strong></span> <span class='ocrx_word' id='word_1_146' title='bbox 479 1519 524 1586; x_wconf 93' lang='lat' dir='ltr'><strong>ad</strong></span> <span class='ocrx_word' id='word_1_147' title='bbox 540 1508 770 1600; x_wconf 80' lang='lat' dir='ltr'><strong>Lulherum,</strong></span> <span class='ocrx_word' id='word_1_148' title='bbox 794 1515 857 1584; x_wconf 92' lang='lat' dir='ltr'><strong>ubi</strong></span> <span class='ocrx_word' id='word_1_149' title='bbox 873 1517 1031 1584; x_wconf 83' lang='lat' dir='ltr'><strong>fortassis</strong></span> <span class='ocrx_word' id='word_1_150' title='bbox 1054 1539 1167 1584; x_wconf 90' lang='lat' dir='ltr'><strong>novae</strong></span> <span class='ocrx_word' id='word_1_151' title='bbox 1182 1513 1304 1605; x_wconf 91' lang='lat' dir='ltr'><strong>dispu-</strong></span> <span class='ocrx_word' id='word_1_152' title='bbox 1353 1515 1454 1588; x_wconf 85' lang='lat' dir='ltr'><strong>visse.</strong></span> <span class='ocrx_word' id='word_1_153' title='bbox 1514 1513 1584 1585; x_wconf 88' lang='lat' dir='ltr'><strong>Sed</strong></span> <span class='ocrx_word' id='word_1_154' title='bbox 1617 1514 1656 1583; x_wconf 91' lang='lat' dir='ltr'><strong>in</strong></span> <span class='ocrx_word' id='word_1_155' title='bbox 1686 1509 1755 1584; x_wconf 92' lang='lat' dir='ltr'><strong>hoc</strong></span> <span class='ocrx_word' id='word_1_156' title='bbox 1775 1540 1881 1587; x_wconf 90' lang='lat' dir='ltr'><strong>cursu</strong></span> <span class='ocrx_word' id='word_1_157' title='bbox 1903 1515 2105 1586; x_wconf 91' lang='lat' dir='ltr'><strong>studiorum</strong></span> <span class='ocrx_word' id='word_1_158' title='bbox 2127 1517 2347 1607; x_wconf 86' lang='lat' dir='ltr'><strong>optimorum</strong></span> 
     </span>
     <span class='ocr_line' id='line_1_13' title="bbox 314 1609 2347 1712; baseline -0.002 -18"><span class='ocrx_word' id='word_1_159' title='bbox 314 1620 465 1694; x_wconf 83' lang='lat' dir='ltr'><strong>tationes</strong></span> <span class='ocrx_word' id='word_1_160' title='bbox 490 1616 757 1710; x_wconf 85' lang='lat' dir='ltr'><strong>orirentur&#39;&#39;¹),</strong></span> <span class='ocrx_word' id='word_1_161' title='bbox 787 1617 928 1709; x_wconf 89' lang='lat' dir='ltr'><strong>Lipsiae</strong></span> <span class='ocrx_word' id='word_1_162' title='bbox 958 1630 1019 1686; x_wconf 92' lang='lat' dir='ltr'><strong>aut</strong></span> <span class='ocrx_word' id='word_1_163' title='bbox 1044 1615 1305 1705; x_wconf 80' lang='lat' dir='ltr'><strong>Magdeburgae</strong></span> <span class='ocrx_word' id='word_1_164' title='bbox 1353 1612 1421 1699; x_wconf 84' lang='lat' dir='ltr'><strong>hoc</strong></span> <span class='ocrx_word' id='word_1_165' title='bbox 1447 1609 1539 1682; x_wconf 90' lang='lat' dir='ltr'><strong>mihi</strong></span> <span class='ocrx_word' id='word_1_166' title='bbox 1561 1616 1751 1685; x_wconf 91' lang='lat' dir='ltr'><strong>admodum</strong></span> <span class='ocrx_word' id='word_1_167' title='bbox 1778 1617 2045 1686; x_wconf 90' lang='lat' dir='ltr'><strong>incommodum</strong></span> <span class='ocrx_word' id='word_1_168' title='bbox 2071 1631 2140 1702; x_wconf 85' lang='lat' dir='ltr'><strong>est,</strong></span> <span class='ocrx_word' id='word_1_169' title='bbox 2166 1621 2263 1711; x_wconf 92' lang='lat' dir='ltr'><strong>quod</strong></span> <span class='ocrx_word' id='word_1_170' title='bbox 2283 1643 2347 1712; x_wconf 87' lang='lat' dir='ltr'><strong>pe-</strong></span> 
     </span>
     <span class='ocr_line' id='line_1_14' title="bbox 314 1712 2347 1812; baseline -0.002 -18"><span class='ocrx_word' id='word_1_171' title='bbox 314 1720 440 1794; x_wconf 85' lang='lat' dir='ltr'><strong>excudi</strong></span> <span class='ocrx_word' id='word_1_172' title='bbox 454 1734 542 1790; x_wconf 91' lang='lat' dir='ltr'><strong>esset</strong></span> <span class='ocrx_word' id='word_1_173' title='bbox 558 1718 634 1787; x_wconf 89' lang='lat' dir='ltr'><strong>sine</strong></span> <span class='ocrx_word' id='word_1_174' title='bbox 650 1718 819 1812; x_wconf 90' lang='lat' dir='ltr'><strong>cuiusque</strong></span> <span class='ocrx_word' id='word_1_175' title='bbox 833 1718 1038 1790; x_wconf 88' lang='lat' dir='ltr'><strong>offensione.</strong></span> <span class='ocrx_word' id='word_1_176' title='bbox 1090 1716 1220 1808; x_wconf 90' lang='lat' dir='ltr'><strong>Spero,</strong></span> <span class='ocrx_word' id='word_1_177' title='bbox 1242 1739 1305 1785; x_wconf 90' lang='lat' dir='ltr'><strong>vos</strong></span> <span class='ocrx_word' id='word_1_178' title='bbox 1355 1717 1458 1787; x_wconf 88' lang='lat' dir='ltr'><strong>cunia</strong></span> <span class='ocrx_word' id='word_1_179' title='bbox 1473 1712 1565 1784; x_wconf 91' lang='lat' dir='ltr'><strong>mihi</strong></span> <span class='ocrx_word' id='word_1_180' title='bbox 1581 1739 1656 1785; x_wconf 93' lang='lat' dir='ltr'><strong>non</strong></span> <span class='ocrx_word' id='word_1_181' title='bbox 1673 1717 1828 1788; x_wconf 88' lang='lat' dir='ltr'><strong>mittitur</strong></span> <span class='ocrx_word' id='word_1_182' title='bbox 1843 1718 2069 1810; x_wconf 90' lang='lat' dir='ltr'><strong>tempestive..</strong></span> <span class='ocrx_word' id='word_1_183' title='bbox 2112 1716 2267 1790; x_wconf 85' lang='lat' dir='ltr'><strong>Illustris</strong></span> <span class='ocrx_word' id='word_1_184' title='bbox 2284 1746 2347 1791; x_wconf 91' lang='lat' dir='ltr'><strong>co·</strong></span> 
     </span>
     <span class='ocr_line' id='line_1_15' title="bbox 313 1810 2346 1913; baseline -0.002 -18"><span class='ocrx_word' id='word_1_185' title='bbox 313 1820 471 1913; x_wconf 88' lang='lat' dir='ltr'><strong>Lipsiam</strong></span> <span class='ocrx_word' id='word_1_186' title='bbox 487 1836 656 1892; x_wconf 87' lang='lat' dir='ltr'><strong>venturos</strong></span> <span class='ocrx_word' id='word_1_187' title='bbox 670 1843 742 1889; x_wconf 87' lang='lat' dir='ltr'><strong>esse</strong></span> <span class='ocrx_word' id='word_1_188' title='bbox 766 1822 811 1888; x_wconf 89' lang='lat' dir='ltr'><strong>ad</strong></span> <span class='ocrx_word' id='word_1_189' title='bbox 826 1819 1023 1903; x_wconf 90' lang='lat' dir='ltr'><strong>nundinas,</strong></span> <span class='ocrx_word' id='word_1_190' title='bbox 1048 1843 1119 1910; x_wconf 91' lang='lat' dir='ltr'><strong>quo</strong></span> <span class='ocrx_word' id='word_1_191' title='bbox 1139 1812 1229 1886; x_wconf 89' lang='lat' dir='ltr'><strong>mihi</strong></span> <span class='ocrx_word' id='word_1_192' title='bbox 1244 1840 1305 1886; x_wconf 88' lang='lat' dir='ltr'><strong>ve·</strong></span> <span class='ocrx_word' id='word_1_193' title='bbox 1353 1840 1426 1887; x_wconf 89' lang='lat' dir='ltr'><strong>mes</strong></span> <span class='ocrx_word' id='word_1_194' title='bbox 1448 1810 1686 1889; x_wconf 70' lang='lat' dir='ltr'><strong>Walhelmus</strong></span> <span class='ocrx_word' id='word_1_195' title='bbox 1703 1818 1883 1909; x_wconf 90' lang='lat' dir='ltr'><strong>promisit,</strong></span> <span class='ocrx_word' id='word_1_196' title='bbox 1910 1843 1946 1888; x_wconf 92' lang='lat' dir='ltr'><strong>se</strong></span> <span class='ocrx_word' id='word_1_197' title='bbox 1960 1814 2053 1888; x_wconf 90' lang='lat' dir='ltr'><strong>mihi</strong></span> <span class='ocrx_word' id='word_1_198' title='bbox 2067 1819 2215 1910; x_wconf 83' lang='lat' dir='ltr'><strong>singulis</strong></span> <span class='ocrx_word' id='word_1_199' title='bbox 2231 1819 2346 1891; x_wconf 87' lang='lat' dir='ltr'><strong>Fran-</strong></span> 
     </span>
     <span class='ocr_line' id='line_1_16' title="bbox 314 1915 2346 2015; baseline 0 -22"><span class='ocrx_word' id='word_1_200' title='bbox 314 1924 393 1993; x_wconf 89' lang='lat' dir='ltr'><strong>nire</strong></span> <span class='ocrx_word' id='word_1_201' title='bbox 417 1946 554 1992; x_wconf 90' lang='lat' dir='ltr'><strong>necesse</strong></span> <span class='ocrx_word' id='word_1_202' title='bbox 578 1936 647 2005; x_wconf 90' lang='lat' dir='ltr'><strong>est,</strong></span> <span class='ocrx_word' id='word_1_203' title='bbox 672 1935 818 2012; x_wconf 90' lang='lat' dir='ltr'><strong>propter</strong></span> <span class='ocrx_word' id='word_1_204' title='bbox 838 1923 1016 2015; x_wconf 86' lang='lat' dir='ltr'><strong>quandam</strong></span> <span class='ocrx_word' id='word_1_205' title='bbox 1031 1921 1174 1989; x_wconf 90' lang='lat' dir='ltr'><strong>stultam</strong></span> <span class='ocrx_word' id='word_1_206' title='bbox 1198 1940 1305 2010; x_wconf 89' lang='lat' dir='ltr'><strong>spon·</strong></span> <span class='ocrx_word' id='word_1_207' title='bbox 1355 1918 1640 1988; x_wconf 89' lang='lat' dir='ltr'><strong>colordiensibus</strong></span> <span class='ocrx_word' id='word_1_208' title='bbox 1652 1920 1826 1989; x_wconf 91' lang='lat' dir='ltr'><strong>nundinis</strong></span> <span class='ocrx_word' id='word_1_209' title='bbox 1839 1916 1889 1990; x_wconf 75' lang='lat'><strong>25</strong></span> <span class='ocrx_word' id='word_1_210' title='bbox 1907 1915 2141 1990; x_wconf 88' lang='lat' dir='ltr'><strong>loachimicos</strong></span> <span class='ocrx_word' id='word_1_211' title='bbox 2154 1924 2346 1993; x_wconf 88' lang='lat' dir='ltr'><strong>missurum</strong></span> 
     </span>
     <span class='ocr_line' id='line_1_17' title="bbox 314 2014 2346 2118; baseline -0 -23"><span class='ocrx_word' id='word_1_212' title='bbox 314 2014 452 2095; x_wconf 83' lang='lat' dir='ltr'><strong>sionem</strong></span> <span class='ocrx_word' id='word_1_213' title='bbox 470 2017 501 2118; x_wconf 89' lang='lat'><strong>²)</strong></span> <span class='ocrx_word' id='word_1_214' title='bbox 525 2023 577 2092; x_wconf 93' lang='lat' dir='ltr'><strong>ibi</strong></span> <span class='ocrx_word' id='word_1_215' title='bbox 602 2020 674 2090; x_wconf 90' lang='lat' dir='ltr'><strong>mei</strong></span> <span class='ocrx_word' id='word_1_216' title='bbox 689 2021 829 2091; x_wconf 91' lang='lat' dir='ltr'><strong>consilii</strong></span> <span class='ocrx_word' id='word_1_217' title='bbox 846 2047 966 2091; x_wconf 86' lang='lat' dir='ltr'><strong>causas</strong></span> <span class='ocrx_word' id='word_1_218' title='bbox 982 2021 1082 2089; x_wconf 92' lang='lat' dir='ltr'><strong>vobis</strong></span> <span class='ocrx_word' id='word_1_219' title='bbox 1097 2033 1256 2090; x_wconf 90' lang='lat' dir='ltr'><strong>amanter</strong></span> <span class='ocrx_word' id='word_1_220' title='bbox 1272 2032 1306 2087; x_wconf 85' lang='lat' dir='ltr'><strong>et</strong></span> <span class='ocrx_word' id='word_1_221' title='bbox 1355 2043 1440 2089; x_wconf 84' lang='lat' dir='ltr'><strong>esse.</strong></span> <span class='ocrx_word' id='word_1_222' title='bbox 1490 2017 1660 2090; x_wconf 91' lang='lat' dir='ltr'><strong>Nondum</strong></span> <span class='ocrx_word' id='word_1_223' title='bbox 1683 2033 1800 2090; x_wconf 91' lang='lat' dir='ltr'><strong>autem</strong></span> <span class='ocrx_word' id='word_1_224' title='bbox 1824 2022 2030 2112; x_wconf 84' lang='lat' dir='ltr'><strong>aproximis</strong></span> <span class='ocrx_word' id='word_1_225' title='bbox 2052 2023 2224 2093; x_wconf 88' lang='lat' dir='ltr'><strong>nundinis</strong></span> <span class='ocrx_word' id='word_1_226' title='bbox 2246 2025 2346 2118; x_wconf 93' lang='lat' dir='ltr'><strong>quic-</strong></span> 
     </span>
     <span class='ocr_line' id='line_1_18' title="bbox 314 2119 2347 2217; baseline -0 -20"><span class='ocrx_word' id='word_1_227' title='bbox 314 2125 455 2217; x_wconf 90' lang='lat' dir='ltr'><strong>copiose</strong></span> <span class='ocrx_word' id='word_1_228' title='bbox 486 2147 678 2216; x_wconf 86' lang='lat' dir='ltr'><strong>exponam,</strong></span> <span class='ocrx_word' id='word_1_229' title='bbox 712 2138 745 2193; x_wconf 90' lang='lat' dir='ltr'><strong>et</strong></span> <span class='ocrx_word' id='word_1_230' title='bbox 775 2149 858 2208; x_wconf 90' lang='lat' dir='ltr'><strong>oro,</strong></span> <span class='ocrx_word' id='word_1_231' title='bbox 890 2138 931 2194; x_wconf 95' lang='lat' dir='ltr'><strong>ut</strong></span> <span class='ocrx_word' id='word_1_232' title='bbox 952 2145 1048 2191; x_wconf 90' lang='lat' dir='ltr'><strong>meas</strong></span> <span class='ocrx_word' id='word_1_233' title='bbox 1078 2122 1198 2191; x_wconf 89' lang='lat' dir='ltr'><strong>literas</strong></span> <span class='ocrx_word' id='word_1_234' title='bbox 1217 2119 1305 2190; x_wconf 89' lang='lat' dir='ltr'><strong>boni</strong></span> <span class='ocrx_word' id='word_1_235' title='bbox 1355 2145 1462 2215; x_wconf 89' lang='lat' dir='ltr'><strong>quarn</strong></span> <span class='ocrx_word' id='word_1_236' title='bbox 1493 2121 1631 2212; x_wconf 89' lang='lat' dir='ltr'><strong>accepi,</strong></span> <span class='ocrx_word' id='word_1_237' title='bbox 1664 2145 1729 2191; x_wconf 88' lang='lat' dir='ltr'><strong>nec</strong></span> <span class='ocrx_word' id='word_1_238' title='bbox 1755 2146 1839 2192; x_wconf 89' lang='lat' dir='ltr'><strong>veru</strong></span> <span class='ocrx_word' id='word_1_239' title='bbox 1872 2122 2017 2192; x_wconf 83' lang='lat' dir='ltr'><strong>difficile</strong></span> <span class='ocrx_word' id='word_1_240' title='bbox 2047 2137 2118 2209; x_wconf 89' lang='lat' dir='ltr'><strong>est,</strong></span> <span class='ocrx_word' id='word_1_241' title='bbox 2147 2124 2235 2209; x_wconf 88' lang='lat' dir='ltr'><strong>tibi,</strong></span> <span class='ocrx_word' id='word_1_242' title='bbox 2268 2126 2347 2196; x_wconf 89' lang='lat' dir='ltr'><strong>viro</strong></span> 
     </span>
     <span class='ocr_line' id='line_1_19' title="bbox 314 2221 2347 2318; baseline -0.001 -19"><span class='ocrx_word' id='word_1_243' title='bbox 314 2224 527 2308; x_wconf 90' lang='lat' dir='ltr'><strong>consulatis,</strong></span> <span class='ocrx_word' id='word_1_244' title='bbox 553 2225 636 2318; x_wconf 91' lang='lat' dir='ltr'><strong>quia</strong></span> <span class='ocrx_word' id='word_1_245' title='bbox 660 2225 758 2292; x_wconf 87' lang='lat' dir='ltr'><strong>fideli</strong></span> <span class='ocrx_word' id='word_1_246' title='bbox 773 2225 891 2294; x_wconf 90' lang='lat' dir='ltr'><strong>animo</strong></span> <span class='ocrx_word' id='word_1_247' title='bbox 907 2224 1045 2306; x_wconf 89' lang='lat' dir='ltr'><strong>scribo,</strong></span> <span class='ocrx_word' id='word_1_248' title='bbox 1072 2223 1304 2293; x_wconf 91' lang='lat' dir='ltr'><strong>etiamsinon</strong></span> <span class='ocrx_word' id='word_1_249' title='bbox 1353 2221 1544 2314; x_wconf 89' lang='lat' dir='ltr'><strong>prudenti,</strong></span> <span class='ocrx_word' id='word_1_250' title='bbox 1576 2222 1792 2308; x_wconf 82' lang='lat' dir='ltr'><strong>existimare,</strong></span> <span class='ocrx_word' id='word_1_251' title='bbox 1817 2247 1924 2317; x_wconf 91' lang='lat' dir='ltr'><strong>quam</strong></span> <span class='ocrx_word' id='word_1_252' title='bbox 1953 2224 2082 2314; x_wconf 80' lang='lat' dir='ltr'><strong>frigida</strong></span> <span class='ocrx_word' id='word_1_253' title='bbox 2103 2225 2176 2298; x_wconf 87' lang='lat' dir='ltr'><strong>sint</strong></span> <span class='ocrx_word' id='word_1_254' title='bbox 2196 2222 2347 2298; x_wconf 90' lang='lat' dir='ltr'><strong>hiberna</strong></span> 
     </span>
     <span class='ocr_line' id='line_1_20' title="bbox 314 2323 2347 2421; baseline 0.001 -23"><span class='ocrx_word' id='word_1_255' title='bbox 314 2328 492 2420; x_wconf 87' lang='lat' dir='ltr'><strong>sapienter</strong></span> <span class='ocrx_word' id='word_1_256' title='bbox 515 2339 577 2396; x_wconf 91' lang='lat' dir='ltr'><strong>aut</strong></span> <span class='ocrx_word' id='word_1_257' title='bbox 597 2326 736 2396; x_wconf 87' lang='lat' dir='ltr'><strong>sortiter</strong></span> <span class='ocrx_word' id='word_1_258' title='bbox 758 2326 909 2395; x_wconf 89' lang='lat' dir='ltr'><strong>scribere</strong></span> <span class='ocrx_word' id='word_1_259' title='bbox 932 2326 1067 2398; x_wconf 88' lang='lat' dir='ltr'><strong>videor.</strong></span> <span class='ocrx_word' id='word_1_260' title='bbox 1125 2323 1304 2417; x_wconf 88' lang='lat' dir='ltr'><strong>Tempora</strong></span> <span class='ocrx_word' id='word_1_261' title='bbox 1355 2324 1661 2417; x_wconf 85' lang='lat' dir='ltr'><strong>absquepecunia.</strong></span> <span class='ocrx_word' id='word_1_262' title='bbox 1714 2324 1834 2413; x_wconf 87' lang='lat' dir='ltr'><strong>Quare</strong></span> <span class='ocrx_word' id='word_1_263' title='bbox 1850 2339 1883 2395; x_wconf 90' lang='lat' dir='ltr'><strong>te</strong></span> <span class='ocrx_word' id='word_1_264' title='bbox 1897 2349 2112 2418; x_wconf 84' lang='lat' dir='ltr'><strong>magnopere</strong></span> <span class='ocrx_word' id='word_1_265' title='bbox 2126 2352 2201 2412; x_wconf 91' lang='lat' dir='ltr'><strong>oro,</strong></span> <span class='ocrx_word' id='word_1_266' title='bbox 2221 2343 2263 2400; x_wconf 92' lang='lat' dir='ltr'><strong>ut</strong></span> <span class='ocrx_word' id='word_1_267' title='bbox 2279 2352 2347 2421; x_wconf 89' lang='lat' dir='ltr'><strong>pro</strong></span> 
     </span>
     <span class='ocr_line' id='line_1_21' title="bbox 315 2424 2347 2521; baseline 0 -22"><span class='ocrx_word' id='word_1_268' title='bbox 315 2442 398 2500; x_wconf 89' lang='lat' dir='ltr'><strong>sunt</strong></span> <span class='ocrx_word' id='word_1_269' title='bbox 412 2426 635 2521; x_wconf 87' lang='lat' dir='ltr'><strong>Tyrannica,</strong></span> <span class='ocrx_word' id='word_1_270' title='bbox 660 2426 790 2518; x_wconf 90' lang='lat' dir='ltr'><strong>quibus</strong></span> <span class='ocrx_word' id='word_1_271' title='bbox 815 2427 947 2495; x_wconf 88' lang='lat' dir='ltr'><strong>multae</strong></span> <span class='ocrx_word' id='word_1_272' title='bbox 961 2425 1115 2495; x_wconf 90' lang='lat' dir='ltr'><strong>iniuriae</strong></span> <span class='ocrx_word' id='word_1_273' title='bbox 1128 2425 1305 2516; x_wconf 87' lang='lat' dir='ltr'><strong>sapienter</strong></span> <span class='ocrx_word' id='word_1_274' title='bbox 1355 2439 1415 2495; x_wconf 90' lang='lat' dir='ltr'><strong>tua</strong></span> <span class='ocrx_word' id='word_1_275' title='bbox 1431 2447 1511 2514; x_wconf 83' lang='lat' dir='ltr'><strong>erga</strong></span> <span class='ocrx_word' id='word_1_276' title='bbox 1523 2449 1579 2495; x_wconf 92' lang='lat' dir='ltr'><strong>me</strong></span> <span class='ocrx_word' id='word_1_277' title='bbox 1595 2426 1839 2497; x_wconf 88' lang='lat' dir='ltr'><strong>benevolentia</strong></span> <span class='ocrx_word' id='word_1_278' title='bbox 1854 2440 1889 2497; x_wconf 86' lang='lat' dir='ltr'><strong>et</strong></span> <span class='ocrx_word' id='word_1_279' title='bbox 1905 2438 1966 2497; x_wconf 88' lang='lat' dir='ltr'><strong>tuo</strong></span> <span class='ocrx_word' id='word_1_280' title='bbox 1982 2424 2189 2517; x_wconf 79' lang='lat' dir='ltr'><strong>gravissimo</strong></span> <span class='ocrx_word' id='word_1_281' title='bbox 2205 2431 2250 2499; x_wconf 88' lang='lat' dir='ltr'><strong>de</strong></span> <span class='ocrx_word' id='word_1_282' title='bbox 2273 2442 2347 2500; x_wconf 89' lang='lat' dir='ltr'><strong>stu·</strong></span> 
     </span>
     <span class='ocr_line' id='line_1_22' title="bbox 313 2524 2349 2624; baseline 0 -24"><span class='ocrx_word' id='word_1_283' title='bbox 313 2529 518 2601; x_wconf 86' lang='lat' dir='ltr'><strong>tolerandae</strong></span> <span class='ocrx_word' id='word_1_284' title='bbox 544 2540 578 2596; x_wconf 92' lang='lat' dir='ltr'><strong>et</strong></span> <span class='ocrx_word' id='word_1_285' title='bbox 606 2528 775 2614; x_wconf 85' lang='lat' dir='ltr'><strong>tegendae</strong></span> <span class='ocrx_word' id='word_1_286' title='bbox 804 2541 905 2609; x_wconf 92' lang='lat' dir='ltr'><strong>sunt,</strong></span> <span class='ocrx_word' id='word_1_287' title='bbox 943 2524 986 2596; x_wconf 91' lang='lat' dir='ltr'><strong>ld</strong></span> <span class='ocrx_word' id='word_1_288' title='bbox 1009 2549 1072 2617; x_wconf 83' lang='lat' dir='ltr'><strong>ego</strong></span> <span class='ocrx_word' id='word_1_289' title='bbox 1096 2549 1197 2618; x_wconf 87' lang='lat' dir='ltr'><strong>saepe</strong></span> <span class='ocrx_word' id='word_1_290' title='bbox 1228 2524 1305 2596; x_wconf 87' lang='lat' dir='ltr'><strong>leci.</strong></span> <span class='ocrx_word' id='word_1_291' title='bbox 1356 2526 1427 2597; x_wconf 89' lang='lat' dir='ltr'><strong>diis</strong></span> <span class='ocrx_word' id='word_1_292' title='bbox 1448 2526 1599 2610; x_wconf 88' lang='lat' dir='ltr'><strong>iudicio,</strong></span> <span class='ocrx_word' id='word_1_293' title='bbox 1624 2527 1798 2599; x_wconf 86' lang='lat' dir='ltr'><strong>illustrem</strong></span> <span class='ocrx_word' id='word_1_294' title='bbox 1821 2527 1985 2598; x_wconf 91' lang='lat' dir='ltr'><strong>comitem</strong></span> <span class='ocrx_word' id='word_1_295' title='bbox 2007 2531 2197 2600; x_wconf 87' lang='lat' dir='ltr'><strong>admoneas</strong></span> <span class='ocrx_word' id='word_1_296' title='bbox 2220 2533 2265 2601; x_wconf 90' lang='lat' dir='ltr'><strong>de</strong></span> <span class='ocrx_word' id='word_1_297' title='bbox 2285 2554 2349 2624; x_wconf 89' lang='lat' dir='ltr'><strong>pe·</strong></span> 
     </span>
     <span class='ocr_line' id='line_1_23' title="bbox 314 2624 2350 2722; baseline 0.001 -22"><span class='ocrx_word' id='word_1_298' title='bbox 314 2625 413 2701; x_wconf 88' lang='lat' dir='ltr'><strong>Bene</strong></span> <span class='ocrx_word' id='word_1_299' title='bbox 436 2643 471 2699; x_wconf 89' lang='lat' dir='ltr'><strong>et</strong></span> <span class='ocrx_word' id='word_1_300' title='bbox 499 2627 651 2696; x_wconf 88' lang='lat' dir='ltr'><strong>feliciter</strong></span> <span class='ocrx_word' id='word_1_301' title='bbox 678 2629 802 2700; x_wconf 87' lang='lat' dir='ltr'><strong>valete.</strong></span> <span class='ocrx_word' id='word_1_302' title='bbox 860 2626 957 2698; x_wconf 89' lang='lat' dir='ltr'><strong>Deus</strong></span> <span class='ocrx_word' id='word_1_303' title='bbox 975 2640 1162 2713; x_wconf 83' lang='lat' dir='ltr'><strong>aeternus,</strong></span> <span class='ocrx_word' id='word_1_304' title='bbox 1200 2625 1307 2697; x_wconf 87' lang='lat' dir='ltr'><strong>Pater</strong></span> <span class='ocrx_word' id='word_1_305' title='bbox 1357 2627 1460 2698; x_wconf 90' lang='lat' dir='ltr'><strong>cunia</strong></span> <span class='ocrx_word' id='word_1_306' title='bbox 1475 2627 1659 2700; x_wconf 92' lang='lat' dir='ltr'><strong>mittenda.</strong></span> <span class='ocrx_word' id='word_1_307' title='bbox 1710 2628 1830 2699; x_wconf 89' lang='lat' dir='ltr'><strong>Potest</strong></span> <span class='ocrx_word' id='word_1_308' title='bbox 1852 2642 1969 2698; x_wconf 89' lang='lat' dir='ltr'><strong>autem</strong></span> <span class='ocrx_word' id='word_1_309' title='bbox 1987 2655 2051 2722; x_wconf 91' lang='lat' dir='ltr'><strong>per</strong></span> <span class='ocrx_word' id='word_1_310' title='bbox 2065 2624 2224 2701; x_wconf 82' lang='lat' dir='ltr'><strong>Echts&#39;os</strong></span> <span class='ocrx_word' id='word_1_311' title='bbox 2240 2629 2350 2704; x_wconf 88' lang='lat' dir='ltr'><strong>Colo-</strong></span> 
     </span>
     <span class='ocr_line' id='line_1_24' title="bbox 315 2724 2349 2824; baseline 0.001 -22"><span class='ocrx_word' id='word_1_312' title='bbox 315 2729 465 2802; x_wconf 89' lang='lat' dir='ltr'><strong>Domini</strong></span> <span class='ocrx_word' id='word_1_313' title='bbox 481 2729 594 2809; x_wconf 81' lang='lat' dir='ltr'><strong>nostri</strong></span> <span class='ocrx_word' id='word_1_314' title='bbox 611 2725 688 2798; x_wconf 90' lang='lat' dir='ltr'><strong>lesu</strong></span> <span class='ocrx_word' id='word_1_315' title='bbox 705 2724 857 2810; x_wconf 87' lang='lat' dir='ltr'><strong>Christi,</strong></span> <span class='ocrx_word' id='word_1_316' title='bbox 881 2743 978 2820; x_wconf 83' lang='lat' dir='ltr'><strong>regat</strong></span> <span class='ocrx_word' id='word_1_317' title='bbox 992 2742 1025 2797; x_wconf 90' lang='lat' dir='ltr'><strong>et</strong></span> <span class='ocrx_word' id='word_1_318' title='bbox 1047 2742 1163 2800; x_wconf 84' lang='lat' dir='ltr'><strong>servet</strong></span> <span class='ocrx_word' id='word_1_319' title='bbox 1184 2736 1247 2798; x_wconf 89' lang='lat' dir='ltr'><strong>vos</strong></span> <span class='ocrx_word' id='word_1_320' title='bbox 1271 2741 1307 2798; x_wconf 87' lang='lat' dir='ltr'><strong>et</strong></span> <span class='ocrx_word' id='word_1_321' title='bbox 1356 2729 1497 2799; x_wconf 91' lang='lat' dir='ltr'><strong>nienses</strong></span> <span class='ocrx_word' id='word_1_322' title='bbox 1512 2741 1606 2799; x_wconf 90' lang='lat' dir='ltr'><strong>certo</strong></span> <span class='ocrx_word' id='word_1_323' title='bbox 1624 2731 1885 2808; x_wconf 87' lang='lat' dir='ltr'><strong>transmittere,</strong></span> <span class='ocrx_word' id='word_1_324' title='bbox 1919 2756 2008 2824; x_wconf 89' lang='lat' dir='ltr'><strong>quos</strong></span> <span class='ocrx_word' id='word_1_325' title='bbox 2023 2746 2058 2802; x_wconf 88' lang='lat' dir='ltr'><strong>et</strong></span> <span class='ocrx_word' id='word_1_326' title='bbox 2080 2733 2211 2803; x_wconf 88' lang='lat' dir='ltr'><strong>illustri</strong></span> <span class='ocrx_word' id='word_1_327' title='bbox 2226 2733 2349 2804; x_wconf 91' lang='lat' dir='ltr'><strong>comiti</strong></span> 
     </span>
     <span class='ocr_line' id='line_1_25' title="bbox 313 2822 2352 2927; baseline 0.001 -25"><span class='ocrx_word' id='word_1_328' title='bbox 313 2822 585 2915; x_wconf 40' lang='lat' dir='ltr'><strong>lilios&#39;vestros,</strong></span> <span class='ocrx_word' id='word_1_329' title='bbox 622 2829 706 2924; x_wconf 89' lang='lat' dir='ltr'><strong>qui,</strong></span> <span class='ocrx_word' id='word_1_330' title='bbox 745 2828 856 2921; x_wconf 88' lang='lat' dir='ltr'><strong>ipsius</strong></span> <span class='ocrx_word' id='word_1_331' title='bbox 886 2829 955 2902; x_wconf 91' lang='lat' dir='ltr'><strong>Dei</strong></span> <span class='ocrx_word' id='word_1_332' title='bbox 986 2830 1176 2916; x_wconf 87' lang='lat' dir='ltr'><strong>beneficio,</strong></span> <span class='ocrx_word' id='word_1_333' title='bbox 1216 2833 1307 2901; x_wconf 87' lang='lat' dir='ltr'><strong>bene</strong></span> <span class='ocrx_word' id='word_1_334' title='bbox 1359 2842 1394 2899; x_wconf 89' lang='lat' dir='ltr'><strong>et</strong></span> <span class='ocrx_word' id='word_1_335' title='bbox 1418 2829 1613 2902; x_wconf 88' lang='lat' dir='ltr'><strong>tibinotos</strong></span> <span class='ocrx_word' id='word_1_336' title='bbox 1638 2854 1804 2900; x_wconf 89' lang='lat' dir='ltr'><strong>essenon</strong></span> <span class='ocrx_word' id='word_1_337' title='bbox 1831 2832 1970 2906; x_wconf 86' lang='lat' dir='ltr'><strong>dubito.</strong></span> <span class='ocrx_word' id='word_1_338' title='bbox 2021 2830 2141 2927; x_wconf 89' lang='lat' dir='ltr'><strong>Atque</strong></span> <span class='ocrx_word' id='word_1_339' title='bbox 2161 2833 2212 2903; x_wconf 85' lang='lat' dir='ltr'><strong>ita</strong></span> <span class='ocrx_word' id='word_1_340' title='bbox 2234 2859 2352 2906; x_wconf 88' lang='lat' dir='ltr'><strong>comes</strong></span> 
     </span>
     <span class='ocr_line' id='line_1_26' title="bbox 314 2923 2348 3027; baseline 0.002 -26"><span class='ocrx_word' id='word_1_341' title='bbox 314 2934 445 3006; x_wconf 80' lang='lat' dir='ltr'><strong>valent.</strong></span> <span class='ocrx_word' id='word_1_342' title='bbox 1359 2923 1538 3027; x_wconf 78' lang='lat' dir='ltr'><strong>Philippo</strong></span> <span class='ocrx_word' id='word_1_343' title='bbox 1555 2925 1806 3001; x_wconf 82' lang='lat' dir='ltr'><strong>Melanthoni</strong></span> <span class='ocrx_word' id='word_1_344' title='bbox 1819 2955 1915 3024; x_wconf 89' lang='lat' dir='ltr'><strong>spem</strong></span> <span class='ocrx_word' id='word_1_345' title='bbox 1929 2933 2028 3018; x_wconf 84' lang='lat' dir='ltr'><strong>lecit,</strong></span> <span class='ocrx_word' id='word_1_346' title='bbox 2054 2958 2090 3004; x_wconf 88' lang='lat' dir='ltr'><strong>se</strong></span> <span class='ocrx_word' id='word_1_347' title='bbox 2106 2960 2170 3027; x_wconf 89' lang='lat' dir='ltr'><strong>per</strong></span> <span class='ocrx_word' id='word_1_348' title='bbox 2188 2929 2348 3007; x_wconf 80' lang='lat' dir='ltr'><strong>Echls&#39;os</strong></span> 
     </span>
     <span class='ocr_line' id='line_1_27' title="bbox 1053 3029 2349 3125; baseline 0.004 -22"><span class='ocrx_word' id='word_1_349' title='bbox 1053 3029 1255 3125; x_wconf 87' lang='lat' dir='ltr'><strong>Philippus.</strong></span> <span class='ocrx_word' id='word_1_350' title='bbox 1358 3033 1545 3125; x_wconf 91' lang='lat' dir='ltr'><strong>pecuniam</strong></span> <span class='ocrx_word' id='word_1_351' title='bbox 1558 3031 1749 3103; x_wconf 86' lang='lat' dir='ltr'><strong>missurum</strong></span> <span class='ocrx_word' id='word_1_352' title='bbox 1773 3057 1856 3103; x_wconf 87' lang='lat' dir='ltr'><strong>esse.</strong></span> <span class='ocrx_word' id='word_1_353' title='bbox 1907 3029 2214 3123; x_wconf 82' lang='lat' dir='ltr'><strong>Magnumaddes</strong></span> <span class='ocrx_word' id='word_1_354' title='bbox 2239 3040 2349 3108; x_wconf 88' lang='lat' dir='ltr'><strong>hene·</strong></span> 
     </span>
     <span class='ocr_line' id='line_1_28' title="bbox 1358 3127 2350 3233; baseline 0.008 -31"><span class='ocrx_word' id='word_1_355' title='bbox 1358 3134 1477 3205; x_wconf 89' lang='lat' dir='ltr'><strong>licium</strong></span> <span class='ocrx_word' id='word_1_356' title='bbox 1495 3127 1539 3202; x_wconf 84' lang='lat' dir='ltr'><strong>ad</strong></span> <span class='ocrx_word' id='word_1_357' title='bbox 1552 3145 1686 3205; x_wconf 89' lang='lat' dir='ltr'><strong>caetera</strong></span> <span class='ocrx_word' id='word_1_358' title='bbox 1703 3147 1761 3204; x_wconf 90' lang='lat' dir='ltr'><strong>tua</strong></span> <span class='ocrx_word' id='word_1_359' title='bbox 1776 3134 1923 3218; x_wconf 89' lang='lat' dir='ltr'><strong>merita,</strong></span> <span class='ocrx_word' id='word_1_360' title='bbox 1948 3136 1979 3205; x_wconf 88' lang='lat' dir='ltr'><strong>si</strong></span> <span class='ocrx_word' id='word_1_361' title='bbox 1994 3131 2086 3207; x_wconf 81' lang='lat' dir='ltr'><strong>hanc</strong></span> <span class='ocrx_word' id='word_1_362' title='bbox 2100 3162 2175 3208; x_wconf 91' lang='lat' dir='ltr'><strong>rem</strong></span> <span class='ocrx_word' id='word_1_363' title='bbox 2192 3140 2350 3233; x_wconf 81' lang='lat' dir='ltr'><strong>perfece-</strong></span> 
     </span>
     <span class='ocr_line' id='line_1_29' title="bbox 1358 3231 2350 3326; baseline 0.011 -23"><span class='ocrx_word' id='word_1_364' title='bbox 1358 3235 1419 3307; x_wconf 90' lang='lat' dir='ltr'><strong>ris.</strong></span> <span class='ocrx_word' id='word_1_365' title='bbox 1469 3231 1542 3304; x_wconf 91' lang='lat' dir='ltr'><strong>Nec</strong></span> <span class='ocrx_word' id='word_1_366' title='bbox 1556 3258 1640 3305; x_wconf 89' lang='lat' dir='ltr'><strong>vero</strong></span> <span class='ocrx_word' id='word_1_367' title='bbox 1655 3236 1897 3306; x_wconf 87' lang='lat' dir='ltr'><strong>difficultatem</strong></span> <span class='ocrx_word' id='word_1_368' title='bbox 1913 3260 2075 3326; x_wconf 83' lang='lat' dir='ltr'><strong>magnam</strong></span> <span class='ocrx_word' id='word_1_369' title='bbox 2091 3241 2168 3310; x_wconf 85' lang='lat' dir='ltr'><strong>fore</strong></span> <span class='ocrx_word' id='word_1_370' title='bbox 2183 3241 2350 3314; x_wconf 84' lang='lat' dir='ltr'><strong>arbitror.</strong></span> 
     </span>
     <span class='ocr_line' id='line_1_30' title="bbox 1358 3333 2352 3428; baseline 0.008 -24"><span class='ocrx_word' id='word_1_371' title='bbox 1358 3333 1449 3404; x_wconf 89' lang='lat' dir='ltr'><strong>Nam</strong></span> <span class='ocrx_word' id='word_1_372' title='bbox 1465 3336 1603 3404; x_wconf 89' lang='lat' dir='ltr'><strong>comitis</strong></span> <span class='ocrx_word' id='word_1_373' title='bbox 1620 3338 1837 3407; x_wconf 88' lang='lat' dir='ltr'><strong>voluntatem</strong></span> <span class='ocrx_word' id='word_1_374' title='bbox 1859 3338 2031 3428; x_wconf 86' lang='lat' dir='ltr'><strong>optimam</strong></span> <span class='ocrx_word' id='word_1_375' title='bbox 2047 3362 2122 3410; x_wconf 87' lang='lat' dir='ltr'><strong>esse</strong></span> <span class='ocrx_word' id='word_1_376' title='bbox 2144 3341 2240 3413; x_wconf 51' lang='lat' dir='ltr'><strong>scio(</strong></span> <span class='ocrx_word' id='word_1_377' title='bbox 2279 3340 2352 3414; x_wconf 88' lang='lat' dir='ltr'><strong>Sed</strong></span> 
     </span>
     <span class='ocr_line' id='line_1_31' title="bbox 322 3394 2354 3529; baseline 0.006 -27"><span class='ocrx_word' id='word_1_378' title='bbox 322 3394 535 3529; x_wconf 58' lang='lat' dir='ltr'>Q</span> <span class='ocrx_word' id='word_1_379' title='bbox 629 3427 665 3492; x_wconf 55' lang='lat' dir='ltr'><em>f</em></span> <span class='ocrx_word' id='word_1_380' title='bbox 1147 3396 1298 3514; x_wconf 58' lang='lat' dir='ltr'>Q</span> <span class='ocrx_word' id='word_1_381' title='bbox 1359 3436 1399 3504; x_wconf 93' lang='lat' dir='ltr'><strong>in</strong></span> <span class='ocrx_word' id='word_1_382' title='bbox 1424 3447 1520 3505; x_wconf 88' lang='lat' dir='ltr'><strong>tanta</strong></span> <span class='ocrx_word' id='word_1_383' title='bbox 1549 3438 1776 3526; x_wconf 83' lang='lat' dir='ltr'><strong>negociorum</strong></span> <span class='ocrx_word' id='word_1_384' title='bbox 1806 3440 1974 3510; x_wconf 89' lang='lat' dir='ltr'><strong>varietate</strong></span> <span class='ocrx_word' id='word_1_385' title='bbox 2010 3443 2256 3513; x_wconf 89' lang='lat' dir='ltr'><strong>admonendus</strong></span> <span class='ocrx_word' id='word_1_386' title='bbox 2286 3456 2354 3517; x_wconf 84' lang='lat' dir='ltr'><strong>est.</strong></span> 
     </span>
    </p>
   </div>
   <div class='ocr_carea' id='block_1_3' title="bbox 621 3532 2354 3690">
    <p class='ocr_par' dir='ltr' id='par_1_4' title="bbox 621 3532 2354 3690">
     <span class='ocr_line' id='line_1_32' title="bbox 621 3532 2354 3690; baseline -0.012 -63"><span class='ocrx_word' id='word_1_387' title='bbox 621 3578 679 3660; x_wconf 73' lang='grc' dir='ltr'><strong>Ηο</strong></span> <span class='ocrx_word' id='word_1_388' title='bbox 708 3575 994 3690; x_wconf 47' lang='lat' dir='ltr'><strong>Neuupngero·</strong></span> <span class='ocrx_word' id='word_1_389' title='bbox 1294 3579 1296 3583; x_wconf 35' lang='lat' dir='ltr'>v</span> <span class='ocrx_word' id='word_1_390' title='bbox 1358 3532 1456 3605; x_wconf 89' lang='lat' dir='ltr'><strong>Bene</strong></span> <span class='ocrx_word' id='word_1_391' title='bbox 1476 3535 1567 3610; x_wconf 87' lang='lat' dir='ltr'><strong>vale.</strong></span> <span class='ocrx_word' id='word_1_392' title='bbox 1629 3536 1820 3610; x_wconf 92' lang='lat' dir='ltr'><strong>Dominica</strong></span> <span class='ocrx_word' id='word_1_393' title='bbox 1850 3556 1930 3634; x_wconf 90' lang='lat' dir='ltr'><strong>post</strong></span> <span class='ocrx_word' id='word_1_394' title='bbox 1964 3541 2185 3618; x_wconf 85' lang='lat' dir='ltr'><strong>nativitatem</strong></span> <span class='ocrx_word' id='word_1_395' title='bbox 2212 3538 2354 3617; x_wconf 79' lang='lat' dir='ltr'><strong>Christi</strong></span> 
     </span>
    </p>
   </div>
   <div class='ocr_carea' id='block_1_4' title="bbox 363 3634 1589 3858">
    <p class='ocr_par' dir='ltr' id='par_1_5' title="bbox 363 3634 1589 3858">
     <span class='ocr_line' id='line_1_33' title="bbox 363 3634 1589 3717; baseline 0.019 -30"><span class='ocrx_word' id='word_1_396' title='bbox 363 3684 365 3687; x_wconf 79' lang='grc'>,</span> <span class='ocrx_word' id='word_1_397' title='bbox 881 3712 885 3717; x_wconf 23' lang='grc'>1</span> <span class='ocrx_word' id='word_1_398' title='bbox 1359 3661 1454 3708; x_wconf 91' lang='lat' dir='ltr'><strong>anno</strong></span> <span class='ocrx_word' id='word_1_399' title='bbox 1479 3634 1589 3713; x_wconf 83' lang='lat'><strong>1544.</strong></span> 
     </span>
     <span class='ocr_line' id='line_1_34' title="bbox 382 3714 1305 3794; baseline 0.02 -28"><span class='ocrx_word' id='word_1_400' title='bbox 382 3715 407 3785; x_wconf 82' lang='lat'>†</span> <span class='ocrx_word' id='word_1_401' title='bbox 423 3714 462 3767; x_wconf 82' lang='lat' dir='ltr'><strong>Ex</strong></span> <span class='ocrx_word' id='word_1_402' title='bbox 473 3717 633 3787; x_wconf 76' lang='lat' dir='ltr'><strong>apographis</strong></span> <span class='ocrx_word' id='word_1_403' title='bbox 652 3719 680 3772; x_wconf 92' lang='lat' dir='ltr'><strong>in</strong></span> <span class='ocrx_word' id='word_1_404' title='bbox 695 3717 757 3773; x_wconf 79' lang='lat' dir='ltr'><strong>cod.</strong></span> <span class='ocrx_word' id='word_1_405' title='bbox 772 3720 883 3776; x_wconf 84' lang='lat' dir='ltr'><strong>Monac.</strong></span> <span class='ocrx_word' id='word_1_406' title='bbox 897 3720 943 3775; x_wconf 84' lang='grc'><strong>88.</strong></span> <span class='ocrx_word' id='word_1_407' title='bbox 959 3720 1013 3776; x_wconf 85' lang='grc' dir='ltr'><strong>Νο.</strong></span> <span class='ocrx_word' id='word_1_408' title='bbox 1028 3721 1075 3777; x_wconf 87' lang='lat' dir='ltr'><strong>lV.</strong></span> <span class='ocrx_word' id='word_1_409' title='bbox 1091 3740 1118 3794; x_wconf 85' lang='lat' dir='ltr'><strong>p.</strong></span> <span class='ocrx_word' id='word_1_410' title='bbox 1133 3724 1177 3780; x_wconf 72' lang='lat'><strong>23.</strong></span> <span class='ocrx_word' id='word_1_411' title='bbox 1195 3735 1222 3780; x_wconf 85' lang='lat' dir='ltr'><strong>et</strong></span> <span class='ocrx_word' id='word_1_412' title='bbox 1240 3727 1305 3784; x_wconf 83' lang='lat' dir='ltr'><strong>cod.</strong></span> 
     </span>
     <span class='ocr_line' id='line_1_35' title="bbox 418 3783 869 3858; baseline 0.011 -22"><span class='ocrx_word' id='word_1_413' title='bbox 418 3783 531 3839; x_wconf 83' lang='lat' dir='ltr'><strong>Monac.</strong></span> <span class='ocrx_word' id='word_1_414' title='bbox 546 3784 592 3840; x_wconf 83' lang='lat'><strong>90.</strong></span> <span class='ocrx_word' id='word_1_415' title='bbox 605 3787 658 3842; x_wconf 85' lang='lat' dir='ltr'><strong>No.</strong></span> <span class='ocrx_word' id='word_1_416' title='bbox 671 3785 732 3842; x_wconf 87' lang='lat' dir='ltr'><strong>Vll.</strong></span> <span class='ocrx_word' id='word_1_417' title='bbox 744 3804 771 3858; x_wconf 85' lang='lat' dir='ltr'><strong>p.</strong></span> <span class='ocrx_word' id='word_1_418' title='bbox 784 3786 869 3842; x_wconf 58' lang='lat' dir='ltr'><strong>&amp;libs</strong></span> 
     </span>
    </p>
   </div>
   <div class='ocr_carea' id='block_1_5' title="bbox 458 3867 1171 3945">
    <p class='ocr_par' dir='ltr' id='par_1_6' title="bbox 458 3867 1171 3945">
     <span class='ocr_line' id='line_1_36' title="bbox 458 3867 1171 3945; baseline 0.017 -25"><span class='ocrx_word' id='word_1_419' title='bbox 458 3867 591 3941; x_wconf 81' lang='lat' dir='ltr'><strong>(Epistola</strong></span> <span class='ocrx_word' id='word_1_420' title='bbox 606 3869 741 3943; x_wconf 87' lang='lat' dir='ltr'><strong>discipulo</strong></span> <span class='ocrx_word' id='word_1_421' title='bbox 754 3872 920 3945; x_wconf 78' lang='lat' dir='ltr'><strong>praescripta</strong></span> <span class='ocrx_word' id='word_1_422' title='bbox 932 3892 947 3928; x_wconf 81' lang='lat' dir='ltr'><strong>a</strong></span> <span class='ocrx_word' id='word_1_423' title='bbox 959 3873 1010 3931; x_wconf 81' lang='lat' dir='ltr'><strong>Pb.</strong></span> <span class='ocrx_word' id='word_1_424' title='bbox 1024 3875 1171 3945; x_wconf 79' lang='lat' dir='ltr'><strong>Melantb.)</strong></span> 
     </span>
    </p>
   </div>
   <div class='ocr_carea' id='block_1_6' title="bbox 314 3993 1555 4212">
    <p class='ocr_par' dir='ltr' id='par_1_7' title="bbox 314 3993 1555 4212">
     <span class='ocr_line' id='line_1_37' title="bbox 314 3993 1542 4118; baseline 0.005 -44"><span class='ocrx_word' id='word_1_425' title='bbox 314 3993 467 4102; x_wconf 84' lang='lat' dir='ltr'><strong>Optimo</strong></span> <span class='ocrx_word' id='word_1_426' title='bbox 490 4010 523 4072; x_wconf 82' lang='lat' dir='ltr'><strong>et</strong></span> <span class='ocrx_word' id='word_1_427' title='bbox 541 4000 773 4097; x_wconf 76' lang='lat' dir='ltr'><strong>integerrimo</strong></span> <span class='ocrx_word' id='word_1_428' title='bbox 789 3999 956 4075; x_wconf 86' lang='lat' dir='ltr'><strong>Domino</strong></span> <span class='ocrx_word' id='word_1_429' title='bbox 976 4003 1165 4084; x_wconf 82' lang='lat' dir='ltr'><strong>Hieron.</strong></span> <span class='ocrx_word' id='word_1_430' title='bbox 1179 4004 1307 4084; x_wconf 83' lang='lat' dir='ltr'><strong>Neu·</strong></span> <span class='ocrx_word' id='word_1_431' title='bbox 1357 4043 1425 4118; x_wconf 43' lang='lat' dir='ltr'><strong>No·</strong></span> <span class='ocrx_word' id='word_1_432' title='bbox 1440 4045 1542 4118; x_wconf 67' lang='lat'><strong>2329</strong></span> 
     </span>
     <span class='ocr_line' id='line_1_38' title="bbox 366 4100 1555 4212; baseline 0.008 -41"><span class='ocrx_word' id='word_1_433' title='bbox 366 4101 554 4212; x_wconf 68' lang='lat' dir='ltr'><strong>cingar,</strong></span> <span class='ocrx_word' id='word_1_434' title='bbox 576 4113 736 4202; x_wconf 84' lang='lat' dir='ltr'><strong>patrono</strong></span> <span class='ocrx_word' id='word_1_435' title='bbox 754 4113 786 4175; x_wconf 85' lang='lat' dir='ltr'><strong>et</strong></span> <span class='ocrx_word' id='word_1_436' title='bbox 799 4105 917 4177; x_wconf 82' lang='lat' dir='ltr'><strong>amico</strong></span> <span class='ocrx_word' id='word_1_437' title='bbox 935 4103 1105 4191; x_wconf 82' lang='lat' dir='ltr'><strong>colendo,</strong></span> <span class='ocrx_word' id='word_1_438' title='bbox 1151 4104 1190 4181; x_wconf 87' lang='lat' dir='ltr'><strong>S.</strong></span> <span class='ocrx_word' id='word_1_439' title='bbox 1203 4100 1257 4186; x_wconf 89' lang='lat' dir='ltr'><strong>D.</strong></span> <span class='ocrx_word' id='word_1_440' title='bbox 1364 4100 1555 4171; x_wconf 60' lang='grc' dir='ltr'><strong>νιν-ν’</strong></span> 
     </span>
    </p>
   </div>
   <div class='ocr_carea' id='block_1_7' title="bbox 314 4221 1949 4435">
    <p class='ocr_par' dir='ltr' id='par_1_8' title="bbox 314 4221 1949 4435">
     <span class='ocr_line' id='line_1_39' title="bbox 315 4221 1949 4330; baseline 0.004 -19"><span class='ocrx_word' id='word_1_441' title='bbox 315 4221 415 4311; x_wconf 74' lang='lat' dir='ltr'><strong>Cum</strong></span> <span class='ocrx_word' id='word_1_442' title='bbox 430 4239 475 4307; x_wconf 93' lang='lat' dir='ltr'><strong>ab</strong></span> <span class='ocrx_word' id='word_1_443' title='bbox 488 4239 635 4308; x_wconf 91' lang='lat' dir='ltr'><strong>ineunte</strong></span> <span class='ocrx_word' id='word_1_444' title='bbox 658 4252 768 4310; x_wconf 89' lang='lat' dir='ltr'><strong>aetate</strong></span> <span class='ocrx_word' id='word_1_445' title='bbox 792 4253 854 4311; x_wconf 89' lang='lat' dir='ltr'><strong>tua</strong></span> <span class='ocrx_word' id='word_1_446' title='bbox 876 4263 956 4330; x_wconf 80' lang='lat' dir='ltr'><strong>erga</strong></span> <span class='ocrx_word' id='word_1_447' title='bbox 979 4266 1036 4310; x_wconf 91' lang='lat' dir='ltr'><strong>me</strong></span> <span class='ocrx_word' id='word_1_448' title='bbox 1059 4242 1306 4313; x_wconf 86' lang='lat' dir='ltr'><strong>benevolentia</strong></span> <span class='ocrx_word' id='word_1_449' title='bbox 1536 4256 1543 4268; x_wconf 87' lang='lat'><strong><em>‘</em></strong></span> <span class='ocrx_word' id='word_1_450' title='bbox 1746 4248 1748 4252; x_wconf 48' lang='lat'><em>⁴</em></span> <span class='ocrx_word' id='word_1_451' title='bbox 1776 4230 1831 4317; x_wconf 86' lang='grc' dir='ltr'><strong>Ν.</strong></span> <span class='ocrx_word' id='word_1_452' title='bbox 1862 4231 1920 4318; x_wconf 86' lang='grc' dir='ltr'><strong>Ν.</strong></span> <span class='ocrx_word' id='word_1_453' title='bbox 1945 4289 1949 4303; x_wconf 85' lang='lat'>·</span> 
     </span>
     <span class='ocr_line' id='line_1_40' title="bbox 314 4333 1307 4435; baseline 0.008 -28"><span class='ocrx_word' id='word_1_454' title='bbox 314 4339 437 4409; x_wconf 86' lang='lat' dir='ltr'><strong>multis</strong></span> <span class='ocrx_word' id='word_1_455' title='bbox 451 4333 541 4410; x_wconf 90' lang='lat' dir='ltr'><strong>mihi</strong></span> <span class='ocrx_word' id='word_1_456' title='bbox 555 4340 601 4410; x_wconf 90' lang='lat' dir='ltr'><strong>sit</strong></span> <span class='ocrx_word' id='word_1_457' title='bbox 618 4340 743 4410; x_wconf 87' lang='lat' dir='ltr'><strong>officiis</strong></span> <span class='ocrx_word' id='word_1_458' title='bbox 756 4354 954 4434; x_wconf 90' lang='lat' dir='ltr'><strong>perspecta,</strong></span> <span class='ocrx_word' id='word_1_459' title='bbox 979 4354 1014 4412; x_wconf 91' lang='lat' dir='ltr'><strong>et</strong></span> <span class='ocrx_word' id='word_1_460' title='bbox 1030 4342 1101 4412; x_wconf 92' lang='lat' dir='ltr'><strong>iam</strong></span> <span class='ocrx_word' id='word_1_461' title='bbox 1122 4366 1186 4435; x_wconf 90' lang='lat' dir='ltr'><strong>per</strong></span> <span class='ocrx_word' id='word_1_462' title='bbox 1210 4358 1307 4415; x_wconf 91' lang='lat' dir='ltr'><strong>aeta·</strong></span> 
     </span>
    </p>
   </div>
   <div class='ocr_carea' id='block_1_8' title="bbox 2173 4055 2354 4180">
    <p class='ocr_par' dir='ltr' id='par_1_9' title="bbox 2173 4055 2354 4180">
     <span class='ocr_line' id='line_1_41' title="bbox 2173 4055 2354 4180; baseline 0.006 -1"><span class='ocrx_word' id='word_1_463' title='bbox 2173 4055 2354 4180; x_wconf 64' lang='lat' dir='ltr'><strong>ees-2</strong></span> 
     </span>
    </p>
   </div>
   <div class='ocr_carea' id='block_1_9' title="bbox 315 4388 2354 4537">
    <p class='ocr_par' dir='ltr' id='par_1_10' title="bbox 315 4388 2354 4537">
     <span class='ocr_line' id='line_1_42' title="bbox 482 4388 2354 4472; baseline 0.01 -35"><span class='ocrx_word' id='word_1_464' title='bbox 482 4441 490 4457; x_wconf 45' lang='grc' dir='ltr'>Ι</span> <span class='ocrx_word' id='word_1_465' title='bbox 565 4440 575 4458; x_wconf 62' lang='lat'>‚</span> <span class='ocrx_word' id='word_1_466' title='bbox 669 4442 677 4458; x_wconf 62' lang='grc'><strong>,</strong></span> <span class='ocrx_word' id='word_1_467' title='bbox 922 4442 932 4460; x_wconf 60' lang='grc'><strong>,</strong></span> <span class='ocrx_word' id='word_1_468' title='bbox 1424 4388 1477 4444; x_wconf 81' lang='lat' dir='ltr'><strong>Frs</strong></span> <span class='ocrx_word' id='word_1_469' title='bbox 1526 4398 1618 4445; x_wconf 84' lang='lat' dir='ltr'><strong>sutum</strong></span> <span class='ocrx_word' id='word_1_470' title='bbox 1637 4390 1766 4463; x_wconf 84' lang='lat' dir='ltr'><strong>epistolae</strong></span> <span class='ocrx_word' id='word_1_471' title='bbox 1784 4412 1814 4446; x_wconf 84' lang='lat' dir='ltr'><strong>ex</strong></span> <span class='ocrx_word' id='word_1_472' title='bbox 1825 4393 1854 4448; x_wconf 89' lang='lat' dir='ltr'><strong>S.</strong></span> <span class='ocrx_word' id='word_1_473' title='bbox 1868 4391 1900 4448; x_wconf 88' lang='lat' dir='ltr'><strong>V.</strong></span> <span class='ocrx_word' id='word_1_474' title='bbox 1911 4392 2085 4450; x_wconf 85' lang='lat' dir='ltr'><strong>Olsbssrsenii</strong></span> <span class='ocrx_word' id='word_1_475' title='bbox 2104 4397 2286 4467; x_wconf 81' lang='lat' dir='ltr'><strong>collectione,</strong></span> <span class='ocrx_word' id='word_1_476' title='bbox 2303 4401 2354 4472; x_wconf 79' lang='lat' dir='ltr'><strong>qui</strong></span> 
     </span>
     <span class='ocr_line' id='line_1_43' title="bbox 315 4439 2354 4537; baseline 0.006 -27"><span class='ocrx_word' id='word_1_477' title='bbox 315 4452 386 4510; x_wconf 75' lang='lat' dir='ltr'><strong>lem</strong></span> <span class='ocrx_word' id='word_1_478' title='bbox 408 4439 535 4511; x_wconf 77' lang='lat' dir='ltr'><strong>mellus</strong></span> <span class='ocrx_word' id='word_1_479' title='bbox 564 4441 760 4530; x_wconf 77' lang='lat' dir='ltr'><strong>lulelltgam</strong></span> <span class='ocrx_word' id='word_1_480' title='bbox 789 4455 870 4513; x_wconf 76' lang='lat' dir='ltr'><strong>luas</strong></span> <span class='ocrx_word' id='word_1_481' title='bbox 896 4456 1062 4529; x_wconf 75' lang='lat' dir='ltr'><strong>vlrtules,</strong></span> <span class='ocrx_word' id='word_1_482' title='bbox 1094 4467 1306 4537; x_wconf 81' lang='lat' dir='ltr'><strong>magnopere</strong></span> <span class='ocrx_word' id='word_1_483' title='bbox 1456 4457 1600 4531; x_wconf 77' lang='lat' dir='ltr'><strong>ascripsit</strong></span> <span class='ocrx_word' id='word_1_484' title='bbox 1625 4478 1684 4514; x_wconf 83' lang='lat' dir='ltr'><strong>esm</strong></span> <span class='ocrx_word' id='word_1_485' title='bbox 1710 4460 1874 4533; x_wconf 80' lang='lat' dir='ltr'><strong>descriptam</strong></span> <span class='ocrx_word' id='word_1_486' title='bbox 1899 4481 1957 4516; x_wconf 83' lang='lat' dir='ltr'><strong>esse</strong></span> <span class='ocrx_word' id='word_1_487' title='bbox 1980 4482 2055 4528; x_wconf 84' lang='lat' dir='ltr'><strong>„sus</strong></span> <span class='ocrx_word' id='word_1_488' title='bbox 2080 4465 2143 4519; x_wconf 88' lang='lat' dir='ltr'><strong>dem</strong></span> <span class='ocrx_word' id='word_1_489' title='bbox 2160 4465 2354 4523; x_wconf 84' lang='lat' dir='ltr'><strong>Melantborsi·</strong></span> 
     </span>
    </p>
   </div>
   <div class='ocr_carea' id='block_1_10' title="bbox 313 4525 2352 4669">
    <p class='ocr_par' dir='ltr' id='par_1_11' title="bbox 313 4525 2352 4669">
     <span class='ocr_line' id='line_1_44' title="bbox 313 4525 2352 4669; baseline 0.018 -44"><span class='ocrx_word' id='word_1_490' title='bbox 313 4537 505 4611; x_wconf 56' lang='grc' dir='ltr'><strong>..αα</strong></span> <span class='ocrx_word' id='word_1_491' title='bbox 808 4543 925 4634; x_wconf 61' lang='lat' dir='ltr'><strong>eun.</strong></span> <span class='ocrx_word' id='word_1_492' title='bbox 977 4541 1098 4632; x_wconf 57' lang='lat' dir='ltr'><strong>Quare</strong></span> <span class='ocrx_word' id='word_1_493' title='bbox 1113 4547 1305 4636; x_wconf 61' lang='lat' dir='ltr'><strong>,nm</strong></span> <span class='ocrx_word' id='word_1_494' title='bbox 1456 4525 1828 4669; x_wconf 58' lang='lat' dir='ltr'><strong>seinamma</strong></span> <span class='ocrx_word' id='word_1_495' title='bbox 1849 4529 2352 4663; x_wconf 56' lang='lat' dir='ltr'><strong>lecastrensem</strong></span> 
     </span>
    </p>
   </div>
   <div class='ocr_carea' id='block_1_11' title="bbox 312 4638 2359 4834">
    <p class='ocr_par' dir='ltr' id='par_1_12' title="bbox 312 4638 2359 4834">
     <span class='ocr_line' id='line_1_45' title="bbox 313 4638 2359 4750; baseline 0.008 -37"><span class='ocrx_word' id='word_1_496' title='bbox 313 4654 349 4713; x_wconf 69' lang='lat' dir='ltr'><strong>le</strong></span> <span class='ocrx_word' id='word_1_497' title='bbox 366 4655 469 4731; x_wconf 78' lang='lat' dir='ltr'><strong>pelo,</strong></span> <span class='ocrx_word' id='word_1_498' title='bbox 492 4655 534 4712; x_wconf 88' lang='lat' dir='ltr'><strong>ut</strong></span> <span class='ocrx_word' id='word_1_499' title='bbox 547 4638 639 4711; x_wconf 86' lang='lat' dir='ltr'><strong>mlhl</strong></span> <span class='ocrx_word' id='word_1_500' title='bbox 655 4643 795 4712; x_wconf 70' lang='lat' dir='ltr'><strong>veniam</strong></span> <span class='ocrx_word' id='word_1_501' title='bbox 813 4647 891 4729; x_wconf 80' lang='lat' dir='ltr'><strong>des,</strong></span> <span class='ocrx_word' id='word_1_502' title='bbox 918 4647 1014 4738; x_wconf 81' lang='lat' dir='ltr'><strong>quod</strong></span> <span class='ocrx_word' id='word_1_503' title='bbox 1026 4641 1198 4718; x_wconf 62' lang='lat' dir='ltr'><strong>hactenus</strong></span> <span class='ocrx_word' id='word_1_504' title='bbox 1212 4642 1306 4717; x_wconf 82' lang='lat' dir='ltr'><strong>nlhll</strong></span> <span class='ocrx_word' id='word_1_505' title='bbox 1456 4662 1557 4744; x_wconf 77' lang='lat' dir='ltr'><strong>scripta</strong></span> <span class='ocrx_word' id='word_1_506' title='bbox 1582 4662 1664 4745; x_wconf 75' lang='lat' dir='ltr'><strong>luisse</strong></span> <span class='ocrx_word' id='word_1_507' title='bbox 1689 4677 1831 4747; x_wconf 74' lang='lat' dir='ltr'><strong>postquam</strong></span> <span class='ocrx_word' id='word_1_508' title='bbox 1852 4667 1944 4750; x_wconf 72' lang='lat' dir='ltr'><strong>Caroli</strong></span> <span class='ocrx_word' id='word_1_509' title='bbox 1963 4669 2138 4742; x_wconf 80' lang='lat' dir='ltr'><strong>imperatoris</strong></span> <span class='ocrx_word' id='word_1_510' title='bbox 2157 4679 2185 4726; x_wconf 77' lang='lat' dir='ltr'><strong>et</strong></span> <span class='ocrx_word' id='word_1_511' title='bbox 2200 4671 2359 4745; x_wconf 75' lang='lat' dir='ltr'><strong>ancisd,</strong></span> 
     </span>
     <span class='ocr_line' id='line_1_46' title="bbox 312 4728 2352 4834; baseline 0.003 -43"><span class='ocrx_word' id='word_1_512' title='bbox 312 4742 498 4813; x_wconf 58' lang='lat' dir='ltr'><strong>limarum</strong></span> <span class='ocrx_word' id='word_1_513' title='bbox 519 4745 564 4812; x_wconf 66' lang='lat' dir='ltr'><strong>ad</strong></span> <span class='ocrx_word' id='word_1_514' title='bbox 586 4757 621 4813; x_wconf 66' lang='lat' dir='ltr'><strong>qe</strong></span> <span class='ocrx_word' id='word_1_515' title='bbox 644 4744 736 4813; x_wconf 55' lang='lat' dir='ltr'><strong>misi·</strong></span> <span class='ocrx_word' id='word_1_516' title='bbox 786 4739 925 4814; x_wconf 63' lang='lat' dir='ltr'>Deinde</span> <span class='ocrx_word' id='word_1_517' title='bbox 947 4746 1072 4834; x_wconf 55' lang='lat' dir='ltr'><strong>velim,</strong></span> <span class='ocrx_word' id='word_1_518' title='bbox 1097 4747 1144 4818; x_wconf 55' lang='lat' dir='ltr'><strong>ita</strong></span> <span class='ocrx_word' id='word_1_519' title='bbox 1164 4736 1306 4831; x_wconf 50' lang='lat' dir='ltr'><strong>sufflas,</strong></span> <span class='ocrx_word' id='word_1_520' title='bbox 1458 4728 1540 4801; x_wconf 73' lang='lat' dir='ltr'><strong>Regis</strong></span> <span class='ocrx_word' id='word_1_521' title='bbox 1562 4728 1666 4786; x_wconf 76' lang='lat' dir='ltr'><strong>Galliae</strong></span> <span class='ocrx_word' id='word_1_522' title='bbox 1690 4743 1837 4801; x_wconf 73' lang='lat' dir='ltr'><strong>exercitus,</strong></span> <span class='ocrx_word' id='word_1_523' title='bbox 1862 4753 1892 4789; x_wconf 84' lang='lat' dir='ltr'><strong>re</strong></span> <span class='ocrx_word' id='word_1_524' title='bbox 1915 4736 2033 4803; x_wconf 76' lang='lat' dir='ltr'><strong>inlecta,</strong></span> <span class='ocrx_word' id='word_1_525' title='bbox 2057 4739 2243 4796; x_wconf 83' lang='lat' dir='ltr'><strong>discessersnt.</strong></span> <span class='ocrx_word' id='word_1_526' title='bbox 2286 4740 2352 4798; x_wconf 77' lang='lat' dir='ltr'><strong>Vid.</strong></span> 
     </span>
    </p>
   </div>
   <div class='ocr_carea' id='block_1_12' title="bbox 198 4797 2432 5374">
    <p class='ocr_par' dir='ltr' id='par_1_13' title="bbox 198 4797 2432 5374">
     <span class='ocr_line' id='line_1_47' title="bbox 198 4797 1955 4936; baseline -0.027 -33"><span class='ocrx_word' id='word_1_527' title='bbox 198 4930 202 4936; x_wconf 90' lang='lat'>.</span> <span class='ocrx_word' id='word_1_528' title='bbox 307 4866 371 4933; x_wconf 68' lang='lat' dir='ltr'><strong>,me</strong></span> <span class='ocrx_word' id='word_1_529' title='bbox 401 4865 538 4912; x_wconf 56' lang='lat' dir='ltr'><strong>summa</strong></span> <span class='ocrx_word' id='word_1_530' title='bbox 564 4866 646 4913; x_wconf 69' lang='lat' dir='ltr'><strong>cum</strong></span> <span class='ocrx_word' id='word_1_531' title='bbox 672 4844 890 4934; x_wconf 56' lang='lat' dir='ltr'>gratitudine</span> <span class='ocrx_word' id='word_1_532' title='bbox 920 4847 1031 4917; x_wconf 64' lang='lat' dir='ltr'>animi</span> <span class='ocrx_word' id='word_1_533' title='bbox 1054 4850 1307 4921; x_wconf 61' lang='lat' dir='ltr'>beneficiorum</span> <span class='ocrx_word' id='word_1_534' title='bbox 1456 4815 1500 4869; x_wconf 77' lang='lat' dir='ltr'><strong>ep.</strong></span> <span class='ocrx_word' id='word_1_535' title='bbox 1517 4797 1739 4925; x_wconf 64' lang='lat' dir='ltr'><strong>adspilalmum</strong></span> <span class='ocrx_word' id='word_1_536' title='bbox 1757 4803 1785 4858; x_wconf 86' lang='lat' dir='ltr'><strong>d.</strong></span> <span class='ocrx_word' id='word_1_537' title='bbox 1804 4806 1846 4860; x_wconf 83' lang='lat'><strong>10.</strong></span> <span class='ocrx_word' id='word_1_538' title='bbox 1864 4803 1955 4861; x_wconf 68' lang='grc' dir='ltr'><strong>θεώ.</strong></span> 
     </span>
     <span class='ocr_line' id='line_1_48' title="bbox 315 4921 2323 5038; baseline 0.001 -23"><span class='ocrx_word' id='word_1_539' title='bbox 315 4956 460 5015; x_wconf 87' lang='lat' dir='ltr'><strong>tuorum</strong></span> <span class='ocrx_word' id='word_1_540' title='bbox 482 4942 690 5013; x_wconf 90' lang='lat' dir='ltr'><strong>memoriam</strong></span> <span class='ocrx_word' id='word_1_541' title='bbox 713 4962 884 5038; x_wconf 90' lang='lat' dir='ltr'><strong>perpetuo</strong></span> <span class='ocrx_word' id='word_1_542' title='bbox 906 4962 1197 5021; x_wconf 88' lang='lat' dir='ltr'><strong>conservaturum</strong></span> <span class='ocrx_word' id='word_1_543' title='bbox 1223 4975 1306 5026; x_wconf 87' lang='lat' dir='ltr'><strong>esse.</strong></span> <span class='ocrx_word' id='word_1_544' title='bbox 1356 4921 1449 5010; x_wconf 86' lang='lat' dir='ltr'><strong>Non</strong></span> <span class='ocrx_word' id='word_1_545' title='bbox 1462 4950 1576 5029; x_wconf 85' lang='lat' dir='ltr'><strong>potest</strong></span> <span class='ocrx_word' id='word_1_546' title='bbox 1589 4953 1669 5031; x_wconf 89' lang='lat' dir='ltr'><strong>apte</strong></span> <span class='ocrx_word' id='word_1_547' title='bbox 1685 4945 1946 5015; x_wconf 89' lang='lat' dir='ltr'><strong>accommodari</strong></span> <span class='ocrx_word' id='word_1_548' title='bbox 1961 4944 2005 5016; x_wconf 93' lang='lat' dir='ltr'><strong>ad</strong></span> <span class='ocrx_word' id='word_1_549' title='bbox 2022 4961 2141 5020; x_wconf 91' lang='lat' dir='ltr'><strong>nostra</strong></span> <span class='ocrx_word' id='word_1_550' title='bbox 2159 4952 2323 5025; x_wconf 89' lang='lat' dir='ltr'><strong>certami</strong></span> 
     </span>
     <span class='ocr_line' id='line_1_49' title="bbox 313 5034 2335 5145; baseline -0.003 -30"><span class='ocrx_word' id='word_1_551' title='bbox 313 5034 363 5115; x_wconf 86' lang='lat' dir='ltr'><strong>Et</strong></span> <span class='ocrx_word' id='word_1_552' title='bbox 380 5043 551 5138; x_wconf 86' lang='lat' dir='ltr'><strong>quoniam</strong></span> <span class='ocrx_word' id='word_1_553' title='bbox 575 5068 650 5114; x_wconf 91' lang='lat' dir='ltr'><strong>non</strong></span> <span class='ocrx_word' id='word_1_554' title='bbox 668 5047 814 5130; x_wconf 87' lang='lat' dir='ltr'><strong>dubito,</strong></span> <span class='ocrx_word' id='word_1_555' title='bbox 839 5062 874 5119; x_wconf 89' lang='lat' dir='ltr'><strong>te</strong></span> <span class='ocrx_word' id='word_1_556' title='bbox 894 5049 1093 5145; x_wconf 88' lang='lat' dir='ltr'><strong>requirere,</strong></span> <span class='ocrx_word' id='word_1_557' title='bbox 1117 5067 1158 5123; x_wconf 92' lang='lat' dir='ltr'><strong>ut</strong></span> <span class='ocrx_word' id='word_1_558' title='bbox 1172 5053 1305 5145; x_wconf 82' lang='lat' dir='ltr'><strong>signifi.</strong></span> <span class='ocrx_word' id='word_1_559' title='bbox 1358 5039 1555 5131; x_wconf 83' lang='lat' dir='ltr'><strong>exemplum</strong></span> <span class='ocrx_word' id='word_1_560' title='bbox 1572 5038 1968 5139; x_wconf 79' lang='grc' dir='ltr'><strong><em>βατραχομυομαχίας,</em></strong></span> <span class='ocrx_word' id='word_1_561' title='bbox 1983 5049 2067 5143; x_wconf 92' lang='lat' dir='ltr'><strong>quia</strong></span> <span class='ocrx_word' id='word_1_562' title='bbox 2084 5050 2257 5142; x_wconf 76' lang='lat' dir='ltr'><strong>significat</strong></span> <span class='ocrx_word' id='word_1_563' title='bbox 2273 5081 2335 5128; x_wconf 63' lang='lat' dir='ltr'><strong>ce„</strong></span> 
     </span>
     <span class='ocr_line' id='line_1_50' title="bbox 1357 5141 2338 5247; baseline -0.009 -37"><span class='ocrx_word' id='word_1_564' title='bbox 1357 5153 1479 5210; x_wconf 86' lang='lat' dir='ltr'><strong>tamen</strong></span> <span class='ocrx_word' id='word_1_565' title='bbox 1506 5141 1545 5210; x_wconf 94' lang='lat' dir='ltr'><strong>in</strong></span> <span class='ocrx_word' id='word_1_566' title='bbox 1567 5155 1718 5235; x_wconf 87' lang='lat' dir='ltr'><strong>utraque</strong></span> <span class='ocrx_word' id='word_1_567' title='bbox 1740 5160 1840 5236; x_wconf 87' lang='lat' dir='ltr'><strong>parte</strong></span> <span class='ocrx_word' id='word_1_568' title='bbox 1862 5163 2000 5234; x_wconf 89' lang='lat' dir='ltr'><strong>ortum,</strong></span> <span class='ocrx_word' id='word_1_569' title='bbox 2023 5169 2263 5247; x_wconf 61' lang='lat' dir='ltr'><strong>noum-0910„</strong></span> <span class='ocrx_word' id='word_1_570' title='bbox 2287 5166 2338 5227; x_wconf 61' lang='lat'><strong>„4</strong></span> 
     </span>
     <span class='ocr_line' id='line_1_51' title="bbox 351 5242 2432 5374; baseline -0.024 -5"><span class='ocrx_word' id='word_1_571' title='bbox 351 5305 377 5368; x_wconf 82' lang='lat'><strong>¹)</strong></span> <span class='ocrx_word' id='word_1_572' title='bbox 396 5301 482 5356; x_wconf 73' lang='lat' dir='ltr'><strong>ann</strong></span> <span class='ocrx_word' id='word_1_573' title='bbox 496 5299 577 5368; x_wconf 77' lang='lat' dir='ltr'><strong>haee,</strong></span> <span class='ocrx_word' id='word_1_574' title='bbox 594 5269 758 5374; x_wconf 63' lang='lat' dir='ltr'><strong>quassis.</strong></span> <span class='ocrx_word' id='word_1_575' title='bbox 772 5304 940 5368; x_wconf 70' lang='lat' dir='ltr'><strong>nonestus,</strong></span> <span class='ocrx_word' id='word_1_576' title='bbox 958 5309 993 5364; x_wconf 73' lang='lat' dir='ltr'><strong>s,</strong></span> <span class='ocrx_word' id='word_1_577' title='bbox 1005 5308 1044 5366; x_wconf 82' lang='lat' dir='ltr'><strong>n,</strong></span> <span class='ocrx_word' id='word_1_578' title='bbox 1359 5242 1542 5311; x_wconf 57' lang='lat' dir='ltr'><strong>‘mariam</strong></span> <span class='ocrx_word' id='word_1_579' title='bbox 1568 5242 1724 5336; x_wconf 70' lang='lat' dir='ltr'>³¹5q¹¹³¹1¹</span> <span class='ocrx_word' id='word_1_580' title='bbox 1748 5270 1906 5332; x_wconf 63' lang='lat' dir='ltr'><strong>emam,</strong></span> <span class='ocrx_word' id='word_1_581' title='bbox 1932 5251 1993 5318; x_wconf 76' lang='lat' dir='ltr'><strong>sed</strong></span> <span class='ocrx_word' id='word_1_582' title='bbox 2018 5269 2163 5344; x_wconf 86' lang='lat' dir='ltr'><strong>propter</strong></span> <span class='ocrx_word' id='word_1_583' title='bbox 2183 5258 2432 5331; x_wconf 55' lang='lat' dir='ltr'><strong>ambitio-2</strong></span> 
     </span>
    </p>
   </div>
   <div class='ocr_carea' id='block_1_13' title="bbox 264 5340 2425 5556">
    <p class='ocr_par' dir='ltr' id='par_1_14' title="bbox 264 5340 2425 5556">
     <span class='ocr_line' id='line_1_52' title="bbox 293 5340 2425 5478; baseline 0.011 -43"><span class='ocrx_word' id='word_1_584' title='bbox 293 5426 295 5435; x_wconf 76' lang='grc'><strong><em>,</em></strong></span> <span class='ocrx_word' id='word_1_585' title='bbox 348 5385 379 5455; x_wconf 79' lang='lat'><strong>2)</strong></span> <span class='ocrx_word' id='word_1_586' title='bbox 399 5384 534 5465; x_wconf 79' lang='lat' dir='ltr'><strong>Videntpr</strong></span> <span class='ocrx_word' id='word_1_587' title='bbox 552 5402 610 5439; x_wconf 84' lang='lat' dir='ltr'><strong>esse</strong></span> <span class='ocrx_word' id='word_1_588' title='bbox 628 5387 762 5457; x_wconf 88' lang='lat' dir='ltr'><strong>sponsslis</strong></span> <span class='ocrx_word' id='word_1_589' title='bbox 780 5384 829 5441; x_wconf 88' lang='lat' dir='ltr'><strong>lilii</strong></span> <span class='ocrx_word' id='word_1_590' title='bbox 846 5387 965 5463; x_wconf 83' lang='lat' dir='ltr'><strong>Philippi</strong></span> <span class='ocrx_word' id='word_1_591' title='bbox 989 5408 1052 5449; x_wconf 80' lang='lat' dir='ltr'><strong>cum</strong></span> <span class='ocrx_word' id='word_1_592' title='bbox 1076 5393 1167 5468; x_wconf 85' lang='lat' dir='ltr'><strong>puells</strong></span> <span class='ocrx_word' id='word_1_593' title='bbox 1183 5396 1308 5455; x_wconf 75' lang='lat' dir='ltr'><strong>llilll&#39;nsr.</strong></span> <span class='ocrx_word' id='word_1_594' title='bbox 1358 5365 1453 5416; x_wconf 56' lang='grc' dir='ltr'><strong>’Μ’</strong></span> <span class='ocrx_word' id='word_1_595' title='bbox 1504 5340 1781 5434; x_wconf 63' lang='lat' dir='ltr'><strong>significalergo</strong></span> <span class='ocrx_word' id='word_1_596' title='bbox 1794 5350 2004 5466; x_wconf 58' lang='lat' dir='ltr'>‚plerumque</span> <span class='ocrx_word' id='word_1_597' title='bbox 2020 5348 2159 5470; x_wconf 60' lang='lat' dir='ltr'><strong>,Regum</strong></span> <span class='ocrx_word' id='word_1_598' title='bbox 2172 5357 2279 5478; x_wconf 30' lang='grc' dir='ltr'><strong>μηδ’</strong></span> <span class='ocrx_word' id='word_1_599' title='bbox 2304 5363 2425 5433; x_wconf 53' lang='lat' dir='ltr'><strong>‘l‘</strong></span> 
     </span>
     <span class='ocr_line' id='line_1_53' title="bbox 264 5437 2408 5556; baseline 0.015 -49"><span class='ocrx_word' id='word_1_600' title='bbox 264 5536 267 5541; x_wconf 8' lang='grc' dir='ltr'><strong><em>Δ</em></strong></span> <span class='ocrx_word' id='word_1_601' title='bbox 383 5453 469 5526; x_wconf 71' lang='lat' dir='ltr'><strong>Quae</strong></span> <span class='ocrx_word' id='word_1_602' title='bbox 486 5470 510 5506; x_wconf 77' lang='lat' dir='ltr'><strong>n</strong></span> <span class='ocrx_word' id='word_1_603' title='bbox 526 5452 563 5508; x_wconf 73' lang='lat' dir='ltr'><strong>n·</strong></span> <span class='ocrx_word' id='word_1_604' title='bbox 581 5463 635 5516; x_wconf 66' lang='lat' dir='ltr'><strong>en,</strong></span> <span class='ocrx_word' id='word_1_605' title='bbox 653 5453 766 5526; x_wconf 65' lang='lat' dir='ltr'><strong>spent.</strong></span> <span class='ocrx_word' id='word_1_606' title='bbox 784 5466 897 5511; x_wconf 67' lang='lat' dir='ltr'><strong>exeunte</strong></span> <span class='ocrx_word' id='word_1_607' title='bbox 914 5476 989 5516; x_wconf 68' lang='grc' dir='ltr'><strong>...ο</strong></span> <span class='ocrx_word' id='word_1_608' title='bbox 1007 5462 1084 5520; x_wconf 82' lang='lat' dir='ltr'><strong>ssss</strong></span> <span class='ocrx_word' id='word_1_609' title='bbox 1099 5466 1202 5538; x_wconf 61' lang='grc' dir='ltr'><strong>κῆρι.</strong></span> <span class='ocrx_word' id='word_1_610' title='bbox 1219 5472 1269 5523; x_wconf 69' lang='grc' dir='ltr'><strong>..ι</strong></span> <span class='ocrx_word' id='word_1_611' title='bbox 1360 5456 1420 5515; x_wconf 85' lang='lat' dir='ltr'><strong>cut</strong></span> <span class='ocrx_word' id='word_1_612' title='bbox 1434 5437 1503 5514; x_wconf 84' lang='lat' dir='ltr'><strong>hoc</strong></span> <span class='ocrx_word' id='word_1_613' title='bbox 1515 5455 1674 5537; x_wconf 83' lang='lat' dir='ltr'><strong>tempore</strong></span> <span class='ocrx_word' id='word_1_614' title='bbox 1683 5442 1806 5518; x_wconf 72' lang='lat' dir='ltr'><strong>Caroli</strong></span> <span class='ocrx_word' id='word_1_615' title='bbox 1822 5447 2048 5542; x_wconf 80' lang='lat' dir='ltr'><strong>Imperatoris</strong></span> <span class='ocrx_word' id='word_1_616' title='bbox 2061 5469 2096 5527; x_wconf 82' lang='lat' dir='ltr'><strong>et</strong></span> <span class='ocrx_word' id='word_1_617' title='bbox 2106 5454 2408 5556; x_wconf 53' lang='lat' dir='ltr'><strong>(emmonis</strong></span> 
     </span>
    </p>
   </div>
   <div class='ocr_carea' id='block_1_14' title="bbox 0 0 2450 6420">
    <p class='ocr_par' dir='ltr' id='par_1_15' title="bbox 0 0 2450 6420">
     <span class='ocr_line' id='line_1_54' title="bbox 0 0 2450 6420; baseline 0 0"><span class='ocrx_word' id='word_1_618' title='bbox 0 0 2450 6420; x_wconf 95' lang='lat' dir='ltr'><strong> </strong></span> 
     </span>
    </p>
   </div>
  </div>
 </body>
</html>
