4868 6420
308 278 383 359 379

312 553 366 625 De
381 550 561 643 republica
576 550 737 616 nondum
755 544 878 615 audire
891 544 992 635 potui
1011 563 1189 611 sermones
1202 539 1297 632 peri-

314 669 444 726 torum.
503 647 638 739 Vulgus
659 647 812 717 aulicum
837 645 1055 729 existimant,
1079 641 1215 714 Ducem
1232 639 1298 712 Sa-

314 748 651 826 xoniaeElectorem
675 749 745 818 iam
769 749 806 816 in
831 748 950 817 reditu
972 769 1056 819 esse.
1106 738 1204 812 Mihi
1223 766 1298 811 non

314 858 353 929 tit
378 852 579 923 verisimile.
630 849 711 921 Nou
735 849 829 918 enim
852 847 1026 931 arbitror,
1055 843 1190 915 Ducem
1212 840 1298 913 Ele·

316 972 447 1028 ctorem
465 953 564 1045 prius
579 975 620 1021 ex
637 964 814 1021 conventu
830 949 1078 1032 discessurum,
1104 968 1211 1040 quam
1227 944 1299 1013 dis-

315 1059 417 1130 cedat
444 1055 637 1145 imperator
661 1044 835 1123 Carolus,
900 1046 949 1119 Et
983 1049 1123 1138 negotia
1143 1047 1302 1138 pendent

316 1158 536 1249 imperiecta3
559 1168 729 1225 certatum
746 1168 798 1222 est
815 1151 915 1220 miris
930 1147 1077 1223 technis.
1129 1147 1200 1219 Sed
1218 1171 1302 1238 pro-

315 1263 407 1330 lecto
422 1270 553 1342 metuo,
577 1252 644 1325 hos
659 1256 862 1347 principum
877 1253 981 1321 ludos
1001 1262 1209 1322 attracturos
1223 1263 1303 1318 tan-

318 1364 399 1431 dem
420 1382 571 1451 poenas,
597 1380 748 1450 quarum
770 1354 872 1424 initia
895 1353 965 1422 iam
984 1353 1145 1423 videmus
1160 1351 1198 1418 in
1214 1346 1304 1418 Gal-

319 1463 386 1542 lia,
412 1459 618 1541 Pannonia,
642 1454 793 1546 Anglia,
816 1453 947 1528 Scotia.
997 1451 1097 1525 Bene
1111 1452 1201 1522 vale.
1237 1448 1305 1520 Die

319 1560 410 1632 Maii
428 1560 463 1633 8.
518 1556 628 1634 1544.
679 1554 734 1628 Ex
750 1555 947 1628 Wimaria.

976 1653 1016 1723 P.
1033 1643 1259 1724 Melantbon.

320 2074 388 2147 No.
405 2072 518 2144 esst.

326 2167 497 2200 Μ

1153 2070 1275 2149 (Μ)

1134 2158 1304 2188 Μ’

668 2265 823 2359 Ionae,
851 2255 963 2369 filio.

426 2445 444 2512 †
464 2441 500 2496 Es
514 2437 667 2514 apographo
689 2437 718 2491 in
737 2435 799 2492 cod.
813 2435 924 2491 Monac.
940 2435 984 2495 88.
998 2453 1045 2489 no.
1063 2435 1108 2491 lV.
1124 2455 1152 2508 p.
1167 2434 1227 2491 263.

592 2588 731 2662 Iusto
759 2585 1042 2681 Ionae,fils'o.

322 2709 368 2799 S.
393 2726 439 2801 D.
489 2723 671 2794 Praeclare
698 2724 805 2794 illud:
842 2721 962 2792 omnis
985 2719 1024 2790 in
1046 2715 1208 2790 Ascanio
1232 2719 1314 2789 cori

324 2836 400 2900 stat
422 2849 510 2897 cura
528 2824 707 2923 parentis.
752 2824 919 2897 Similem
943 2824 1047 2915 plane
1073 2824 1112 2891 in
1127 2836 1227 2914 patre
1248 2839 1310 2896 tuo

326 2923 490 3028 στοργήν
503 2929 766 3012 animadverto,
792 2926 854 3018 qui
867 2926 980 2994 multa
998 2948 1134 2993 mecum
1153 2938 1312 2994 amanter

327 3035 371 3102 de
393 3048 427 3104 te
450 3031 489 3098 in
513 3023 581 3098 hoc
605 3028 750 3111 itinere,
775 3040 810 3097 et
831 3021 897 3096 bac
923 3025 1157 3117 expatiatione
1173 3026 1311 3097 locutus

328 3147 396 3219 est,
429 3154 518 3225 quae
549 3151 667 3199 coram
695 3151 878 3220 exponam.
940 3126 1051 3218 Spero
1082 3126 1244 3219 quidem,
1279 3141 1312 3196 et

327 3248 425 3305 tuam
440 3232 606 3323 pietatem
624 3243 658 3300 et
675 3230 935 3300 observantiam
949 3223 1053 3297 illius
1066 3227 1179 3297 amori
1194 3243 1228 3298 et
1240 3229 1312 3297 sol-

328 3332 508 3405 licitudini
521 3354 778 3420 responsuram.
824 3328 900 3400 Sed
916 3342 968 3412 te,
993 3329 1046 3396 mi
1056 3328 1126 3410 fili,
1152 3328 1202 3398 sic
1216 3331 1310 3398 enirn

328 3459 410 3505 sere
427 3448 466 3504 *te
483 3433 629 3502 nomino
655 3447 689 3501 et
711 3446 855 3522 propter
875 3429 1073 3500 studiorum
1090 3429 1314 3501 coniunctio·

330 3560 433 3620 nem,
468 3548 502 3603 et
523 3544 669 3624 propter
689 3556 808 3602 meum
838 3552 919 3619 erga
940 3543 973 3600 te
997 3554 1120 3600 verum
1147 3554 1314 3617 amorem,

330 3640 486 3708 obtestor
509 3647 655 3726 propter
678 3631 814 3717 Deum,
840 3645 874 3700 et
893 3644 1038 3723 propter
1059 3632 1312 3703 studia'nostra

330 3736 564 3819 sanctissima,
589 3749 630 3806 ut
643 3735 742 3804 omni
758 3735 894 3802 ratione
908 3756 1008 3802 cures
1022 3733 1114 3804 tueri
1130 3746 1312 3824 paternam

331 3835 624 3910 benevolentiam.
673 3832 801 3918 Mane,
827 3834 963 3927 quoties
987 3835 1129 3903 invocas
1140 3832 1257 3905 Deum
1280 3848 1314 3905 et

333 3950 475 4030 propter
489 3937 602 4005 filium
620 3936 804 4005 dominum
820 3948 980 4004 nostrum
996 3932 1072 4007 l.C.
1088 3937 1253 4025 precaris,
1280 3950 1314 4006 et

334 4043 377 4109 de
391 4052 520 4109 ‚mutuo
545 4061 662 4106 amore
684 4037 815 4106 aeterni
833 4036 942 4125 patris
956 4049 989 4105 et
1003 4036 1068 4103 lilii
1083 4036 1231 4124 cogitas,
1253 4061 1315 4106 ve-

331 4142 409 4210 -niat
426 4140 465 4207 iu
474 4153 653 4221 mentem,
677 4130 852 4206 humanae
876 4150 1021 4206 naturae
1043 4136 1315 4207 similitudinem

336 4241 513 4334 quandam
536 4241 610 4308 eius
636 4238 764 4307 amoris
782 4238 927 4322 insitam
950 4259 1038 4317 esse,
1073 4239 1169 4327 quod
1189 4239 1226 4306 in
1253 4260 1315 4331 pa-

335 4356 474 4412 rentum
486 4339 625 4429 'ingenti
641 4337 768 4408 affectu
785 4338 1010 4426 conspicitur.
1066 4335 1143 4412 Nec.
1155 4352 1256 4428 puta,
1282 4354 1315 4409 te

329 4440 493 4512 ¹exaudiri
519 4439 651 4510 violato
683 4440 745 4509 illo
777 4441 993 4507 sanctissimo
1024 4439 1180 4512 vinculo.
1246 4440 1316 4511 Sed

335 4540 420 4613 haec
435 4565 564 4616 coram.
616 4537 777 4610 Omnino
791 4540 906 4622 velim,
920 4553 953 4608 tc
971 4537 1155 4609 nobiscum
1172 4543 1316 4611 domum

336 4644 450 4714 redire
460 4639 516 4737 *),
541 4666 648 4736 quare
664 4655 699 4711 te
714 4642 756 4710 ad
772 4663 828 4709 me
844 4640 1028 4735 accingito,
1052 4665 1130 4708 cum
1149 4642 1239 4711 istuc
1257 4667 1317 4710 re·

334 4746 441 4819 niam.
491 4742 588 4814 Bene
604 4743 692 4815 vale.

334 4910 539 4925 ἰο-ια...-

370 4997 400 5065 *l
419 4995 701 5050 VideturMslsntlsou
713 4991 781 5046 bsee
793 4993 929 5063 scripsisse
941 5011 1004 5048 eum
1016 4992 1067 5047 iter
1082 4993 1237 5065 perSalinss
1245 4992 1314 5046 Wi-

406 5066 517 5120 uariam
534 5064 641 5144 laceret.
677 5062 755 5115 lones
771 5061 850 5115 Pater
886 5062 1315 5142 quieotemporeWitebergam

407 5142 533 5214 venerat,
546 5141 688 5214 cpmitatus
703 5141 742 5182 est
752 5101 954 5212 lllelantlronem
968 5128 1075 5195 llalam,
1091 5142 1118 5210 et
1131 5131 1209 5183 etiam
1222 5130 1317 5196 filium,

407 5219 450 5282 qus
466 5219 492 5250 ιιι
508 5200 649 5265 disciplina
663 5199 843 5252 Melantboms
856 5209 920 5268 erat,
938 5211 1031 5250 secum
1045 5198 1126 5252 duxit.
1162 5199 1242 5252 Nunc
1254 5199 1317 5252 huic

407 5268 537 5340 siguificat
550 5266 730 5331 ttstsnthon,
747 5279 777 5318 ut
798 5267 828 5347 ad
850 5265 1039 5346 ipsum'reniat
1052 5277 1078 5318 et
1091 5285 1154 5319 cum
1168 5287 1201 5319 eo
1217 5266 1315 5320 Wite·

408 5338 515 5404 bergam
530 5337 630 5390 redeat.
666 5335 761 5405 lonas,
779 5334 864 5392 filius,
883 5345 951 5404 pater
968 5352 1023 5388 non
1035 5337 1147 5389 omnino
1161 5346 1219 5390 erat
1238 5339 1317 5389 obse·

406 5423 501 5475 quens.

879 261 1313 343 EPISTOLARUM
1361 260 1468 338 LIB.
1501 262 1567 343 IX.
1620 259 1749 342 1644.

312 452 516 524 iunxerunt.
570 442 696 539 Equiti
715 443 799 514 dedi
821 441 1008 512 dimidium
1029 432 1294 511 loacbimicum.
1343 434 1541 561 Q.

2257 264 2334 339 880

1921 447 1979 510 18.
1996 438 2081 504 listi.
2095 440 2336 524 (Witebergae.)

1914 539 2334 590 Nm

1585 659 1589 666 '
1701 636 1756 721 Ν.
1778 634 1982 722 Medlero.

1414 809 1438 866 E
1455 809 1552 867 codice
1565 809 1660 865 Bassri
1674 811 1708 866 V.
1722 810 1756 866 ll.
1770 829 1797 882 p.
1810 809 1871 866 858.
1889 808 1961 865 edita
1982 807 2185 866 aBallenstadt.
2201 805 2238 864 ll.
2251 823 2294 879 ep.
2309 806 2335 865 5.

1450 890 1477 934 et
1490 879 1671 935 Zscbeicbsel.
1686 879 1714 933 in
1728 878 2088 937 denUusch.Nacbr.1740.
2103 898 2129 950 p.
2137 879 2196 933 tsz
2210 886 2237 930 et
2249 893 2337 948 nuper

1446 947 1564 1004 stas.
1576 967 1618 1019 ep.
1631 949 1693 1017 st,
1711 967 1787 1004 nunc
1800 967 1830 1002 ex
1842 947 1902 1020 ipso
1916 951 1978 1003 cod.
1988 959 2113 1004 &curate
2127 945 2271 1019 descripte.
2298 997 2301 1002 .

1619 1100 1828 1177 Nicolao
1852 1099 2070 1174 Medlero

1350 1211 1394 1304 S·
1420 1237 1466 1314 D.
1516 1237 1598 1310 Non
1614 1241 1745 1325 miror,
1770 1241 1951 1312 difficilem
1966 1242 2033 1311 tibi
2052 1264 2125 1312 esse
2139 1241 2182 1310 de
2196 1239 2338 1330 negotio

1350 1331 1617 1423 Brunssicensi
1638 1343 1944 1415 deliberationem.
1995 1341 2085 1412 Nam
2104 1343 2143 1411 in
2166 1338 2224 1411 his
2240 1365 2340 1432 prae·

1353 1444 1473 1513 sertim
1497 1443 1711 1534 reipublicae
1727 1445 1996 1514 confusionibus
2012 1444 2224 1514 mutationes
2245 1441 2340 1533 peri-

1354 1545 1493 1616 culosae
1509 1557 1603 1618 sunt.
1655 1543 1717 1614 Me
1731 1540 1817 1615 haec
1834 1547 1908 1616 sola
1922 1568 2025 1614 causa
2042 1545 2173 1628 movit,
2199 1557 2240 1613 ut
2256 1536 2340 1612 bor·

1354 1657 1449 1718 tator
1484 1668 1594 1715 essem
1625 1646 1864 1737 inspiciendae
1894 1645 2089 1738 ἐπισκοπῆς
2118 1644 2157 1712 ἰιι
2178 1667 2217 1714 ea
2239 1644 2340 1722 urbe,

1356 1748 1451 1841 quod
1483 1740 1611 1816 maiori
1643 1747 1807 1817 ecclesiae
1836 1762 1871 1818 et
1892 1749 2028 1816 vicinae
2051 1745 2146 1835 genti
2168 1744 2341 1815 Saxoniae

1355 1849 1494 1920 consuli
1508 1849 1683 1920 volebam.
1733 1846 1850 1920 Movit
1861 1849 2017 1919 fortassis
2041 1859 2074 1918 te
2097 1840 2265 1916 nonnihil
2288 1845 2342 1915 al-

1356 1964 1431 2021 tera
1464 1972 1585 2034 causa,
1619 1951 1715 2042 quod
1734 1950 1815 2018 aula
1837 1963 1888 2020 est
1910 1949 2154 2038 negligentior.
2211 1946 2281 2018 Sed
2303 1947 2341 2013 in

1356 2049 1571 2120 democratia
1598 2059 1673 2119 non
1702 2048 1819 2119 minus
1847 2064 1900 2120 est
1933 2036 2196 2131 molestiarum,
2235 2071 2342 2141 quam

1357 2152 1397 2221 in
1412 2152 1525 2222 aulica
1539 2150 1803 2246 gubernatione.
1853 2149 1962 2221 Multi
1981 2163 2064 2220 sunt
2084 2148 2216 2235 invidi,
2237 2147 2343 2218 multi

1358 2254 1628 2337 obtrectatores,
1652 2250 1757 2321 multi
1775 2247 2005 2323 abhorrentes
2022 2276 2041 2322 a
2057 2251 2239 2321 doctrinae
2255 2250 2343 2334 luce,

1356 2354 1463 2425 multi
1484 2367 1679 2423 metuentes
1702 2350 1952 2437 Sacerdotum,
1985 2366 2031 2445 ut
2046 2353 2112 2444 ipsi
2136 2352 2344 2444 loquuntur,

1357 2479 1487 2525 novam
1500 2453 1706 2545 potentiam.
1754 2452 1850 2524 Haec
1868 2453 2073 2545 praesertim
2091 2451 2283 2543 comperies
2305 2453 2342 2519 in

1355 2556 1506 2627 urbibus
1520 2555 1724 2626 maioribus.
1775 2552 1895 2642 Quare
1909 2555 1939 2622 si
1956 2546 2223 2647 tranquillitatis
2236 2552 2345 2624 ratio-

1357 2681 1438 2727 nem
1461 2652 1604 2744 habes,¹
1617 2670 1652 2727 et
1673 2669 1707 2736 te
1727 2668 1761 2725 et
1782 2656 1952 2724 familiam
1977 2669 2074 2726 tuam
2096 2656 2251 2726 arbitror
2265 2677 2345 2723 sua-

1356 2759 1438 2828 vius
1459 2758 1498 2826 in
1520 2756 1583 2826 illa
1595 2754 1839 2845 Naoburgensi
1859 2752 2080 2828 humanitate
2095 2755 2215 2825 vivere
2235 2776 2344 2846 posse.

1360 2857 1433 2929 Sed
1455 2858 1576 2928 videre
1599 2871 1634 2928 te
1661 2858 1842 2927 ecclesiam
1862 2854 2159 2928 Brunsvicensern
2182 2855 2345 2946 optarim.

1359 2956 1414 3030 De
1437 2972 1510 3031 tota
1531 2982 1588 3043 re,
1613 2959 1753 3048 cognito
1778 2959 1852 3027 cius
1875 2959 2040 3028 ecclesiae
2064 2970 2175 3041 statu,
2208 2956 2345 3027 facilius

1360 3061 1492 3153 poteris
1513 3060 1686 3145 iudicare,
1717 3060 1803 3153 quid
1825 3061 2000 3149 agendum
2014 3058 2070 3129 sit.
2129 3056 2236 3146 Quod
2261 3080 2344 3127 vero

1361 3163 1406 3233 ad
1428 3160 1598 3233 Senatum
1623 3162 1729 3231 scribi
1751 3162 1911 3245 volebas,
1933 3184 2013 3231 cum
2036 3174 2076 3231 tu
2101 3161 2262 3230 nondum
2285 3160 2345 3228 de-

1361 3263 1512 3335 creveris
1531 3287 1576 3332 au
1598 3263 1645 3330 sis
1670 3276 1872 3353 accepturos
1895 3262 2115 3357 functionem
2132 3259 2257 3344 aliam,
2281 3254 2346 3328 bo-

1362 3356 1506 3460 neste*)
1540 3363 1691 3432 scribere
1719 3387 1793 3433 non
1820 3363 1932 3454 potui.
1982 3361 2098 3434 Credo
2124 3362 2200 3429 sine
2227 3361 2348 3429 cuius-

1365 3489 1472 3559 quam
1494 3459 1768 3556 reprehensione
1789 3478 1822 3535 te
1840 3486 1940 3554 posse
1965 3462 2154 3554 expatiari,
2178 3474 2219 3532 ut
2243 3483 2347 3551 saepe

1276 3621 1286 3632 ,
1362 3568 1405 3635 ad
1428 3590 1494 3636 nos
1513 3566 1706 3656 expatiatus
1727 3588 1773 3634 es.
1823 3561 1965 3654 Cogita,
1991 3588 2097 3658 quam
2113 3577 2200 3633 esset
2221 3562 2349 3632 absur-

1362 3669 1464 3751 dum,
1489 3667 1559 3735 iam
1573 3667 1757 3735 ostendere
1769 3666 2026 3754 migrationem,
2051 3690 2132 3734 cum
2148 3676 2250 3735 tuum
2264 3687 2349 3754 pro-

1362 3766 1516 3859 positum
1535 3762 1650 3836 adhuc
1667 3767 1712 3835 sit
1733 3767 1917 3836 incertum.
1967 3765 2037 3837 Sed
2056 3767 2121 3835 ubi
2142 3765 2349 3847 decreveris,

1362 3860 1642 3956 visaBruusviga
1656 3859 1735 3961 **),
1761 3882 1881 3958 postea
1897 3868 1941 3935 ad
1955 3865 2124 3937 Senatum
2146 3881 2247 3936 tuum
2263 3864 2347 3935 scri·

1361 3970 1519 4039 bendum
1545 3969 1622 4042 erit.
1672 3966 1754 4037 Non
1776 3969 1919 4052 dubito,
1940 3967 2029 4061 quin
2050 3969 2199 4056 cogitata
2226 3961 2292 4037 hac
2313 3989 2348 4034 re

1362 4069 1566 4159 diligentius
1590 4071 1802 4158 probaturus
1826 4069 1873 4137 sis
1887 4084 2006 4138 meum
2020 4069 2228 4152 consilium,
2254 4067 2348 4161 quod

1363 4193 1437 4239 non
1455 4170 1581 4262 scripsi
1596 4172 1641 4240 ad
1656 4169 1824 4241 Senatum
1840 4185 1960 4255 tuum,
1974 4183 2078 4263 teque
2092 4193 2197 4259 rogo,
2208 4181 2249 4239 ut
2264 4166 2348 4237 boni

1363 4271 1544 4356 consulas,
1565 4273 1661 4364 qtrod
1678 4284 1757 4341 tuae
1774 4270 1934 4361 petitioni
1952 4295 2026 4340 non
2042 4269 2227 4341 satisfacio.
2259 4267 2349 4339 Nam

1363 4372 1535 4463 teipsum
1563 4370 1714 4442 iudicem
1737 4373 1844 4456 facio,
1870 4385 1990 4442 utrum
2018 4373 2064 4441 sit
2085 4366 2270 4440 honestius
2292 4394 2350 4439 exa

1364 4474 1491 4564 patiari
1513 4474 1589 4542 sine
1613 4470 1866 4564 significatione
1888 4472 1974 4541 novi
1996 4474 2154 4555 consilii,
2191 4496 2238 4540 an
2264 4475 2352 4540 ver'o

1365 4576 1548 4644 ostendere
1565 4572 1784 4665 migrationis
1800 4576 2038 4663 propositum,
2063 4576 2147 4642 dum
2174 4574 2211 4640 id
2234 4567 2360 4642 adhuc

1365 4674 1410 4744 sit
1436 4677 1622 4747 incertum.
1680 4672 1775 4743 Bene
1808 4675 1894 4746 vale.
1954 4672 2021 4745 Die
2052 4675 2109 4747 ts.
2134 4672 2224 4744 Maii
2255 4697 2360 4743 auno

1369 4773 1478 4849 1544.

1467 4894 1538 4980 Nec
1570 4912 1717 4994 nuntio,
1757 4932 1821 4978 nec
1855 4911 1932 4980 aliis
1957 4914 2144 5006 quicquam
2179 4916 2222 4982 de
2249 4934 2387 5002 arguae

1416 5027 1535 5084 mento
1557 5013 1739 5082 literarum
1764 5027 1904 5082 tuarum
1931 5014 2041 5086 dixi.

1402 5325 1431 5392 *l
1450 5326 1603 5382 Zseheicbs.
1615 5329 1742 5382 mendose
1754 5332 1882 5384 honesto.

1405 5409 1449 5466 ”l
1467 5407 1594 5465 Ballsust.
1608 5411 1722 5487 mutarit
1735 5412 1801 5467 trec
1814 5421 1841 5466 et
1853 5412 1951 5469 edidite
1970 5414 2028 5466 vise
2042 5413 2245 5480 erumnam.
