4882 6426
120 256 269 396 .„3
642 238 645 242 ⁵
774 302 1216 383 nrrsroraamr
1265 262 1704 419 mererere.
1814 426 1820 434 ἣ
2152 322 2230 398 aaa

296 487 387 563 Cum
411 487 519 578 igitur
535 483 676 555 nullum
695 495 787 554 extet
802 482 949 552 verbum
967 477 1033 549 Dei
1052 481 1096 548 de
1118 471 1185 546 bac
1237 475 1388 568 Davidi,
1413 480 1538 574 Petro,
1563 484 1687 574 Paulo,
1711 502 1745 561 et
1759 492 1923 564 omnibus
1939 493 2033 565 aliis:
2060 493 2112 568 Ita
2129 513 2230 572 certo

195 592 434 674 invocatione,
459 589 498 661 lit
512 583 514 586 ¹
528 588 608 657 talis
636 585 812 654 invocatio
843 608 921 654 cum
954 580 1186 664 dubitatione,
1234 583 1313 654 vult
1329 599 1363 656 et
1377 587 1481 656 nobis
1496 589 1662 659 omnibus
1682 608 1821 683 peccata
1838 597 2016 668 remittere
2037 597 2140 678 J[tide
2161 626 2230 693 pe·

193 724 242 768 an
268 692 325 764 bic
349 715 425 761 anos
440 688 515 760 Deo
536 689 680 781 placcat.
732 684 851 774 Quare
875 707 1098 778 nequaquam
1116 695 1187 752 sta·
1236 684 1420 760 tentibus''.

196 798 356 871 biliefflta
376 807 436 865 est,
646 806 653 815 ·
838 872 845 885 ι
1335 784 1484 875 Quarto.
1537 789 1637 862 Sicut
1669 808 1806 866 sanctos
1842 821 1923 867 suos
1957 801 2161 892 castigavit,
2195 818 2230 876 et

299 896 484 966 Praeterea
516 889 627 960 solius
660 887 912 979 omnipotentis
947 899 1094 955 naturae
1126 896 1188 968 est,
1236 887 1333 956 cruci
1356 890 1524 975 subiecit,
1550 907 1584 962 et
1607 907 1724 963 tamen
1746 901 1954 968 sustentavit
1976 926 2039 971 sua
2062 907 2230 975 consola-

197 1017 316 1073 motus
333 995 494 1066 cordium
508 1006 542 1062 et
556 989 809 1073 invocationis,
834 1013 874 1058 ac
888 988 1037 1076 gemitus
1054 988 1092 1055 in
1109 1009 1188 1055 cor·
1236 988 1353 1072 tione,
1378 1003 1412 1060 et
1435 1015 1558 1061 rursus
1580 995 1753 1066 mirandis
1774 1000 2046 1073 liberationibus
2067 1010 2227 1078 ornavit:

200 1105 305 1176 dibus
322 1097 482 1167 omnium
506 1089 692 1165 hominum
715 1091 837 1158 audire
857 1089 1075 1162 etiudicare.
1127 1085 1189 1156 ln·
1238 1085 1291 1159 lta
1305 1090 1496 1178 discamus,
1517 1117 1583 1163 nos
1598 1120 1740 1189 quoque
1760 1102 2008 1189 gubernandos
2024 1129 2115 1191 esse,
2141 1109 2229 1178 obe-

199 1224 330 1275 vocans
346 1211 464 1268 autem
479 1198 627 1276 sanctos,
643 1191 705 1284 qui
721 1215 762 1259 ex
777 1186 842 1259 bac
856 1191 927 1259 vita
944 1190 1189 1269 discesserunt,
1238 1191 1375 1260 diamus
1399 1193 1437 1260 in
1460 1218 1587 1280 cruce„
1605 1221 1645 1265 ac
1662 1212 1820 1287 petamus
1835 1216 1870 1272 et
1885 1219 2105 1295 expectemus
2127 1212 2229 1279 auxi-

199 1304 327 1377 tribuit
343 1301 392 1368 eis
405 1293 502 1366 hunc
515 1291 702 1377 bonorem,
722 1307 755 1362 et
768 1287 860 1361 hanc
874 1291 1079 1381 potentiam,
1092 1290 1189 1382 quod
1238 1293 1328 1361 lium
1342 1304 1376 1361 et
1393 1293 1650 1382 liberationem,
1663 1299 1754 1371 sicut
1769 1303 1937 1396 scripturn
1953 1320 2018 1376 est:
2043 1303 2228 1381 Subditus

202 1411 482 1479 cernantmotus
503 1395 665 1466 cordium
685 1394 828 1483 ubique.
882 1391 923 1460 ld
940 1392 1055 1482 reipsa
1073 1402 1122 1459 est
1140 1389 1189 1457 eis
1240 1387 1432 1480 cstoDco,
1457 1404 1666 1466 storacem
1685 1395 1738 1495 ³⁷).

202 1509 359 1580 tribuere
375 1496 678 1589 omnipotentiam.
710 1490 776 1561 Est
788 1505 905 1562 autern
919 1492 1098 1561 idolorum
1116 1491 1191 1560 cul·
1341 1491 1490 1582 Quinto.
1539 1497 1730 1571 Laudandi
1744 1518 1826 1574 sunt
1844 1520 1878 1576 et
1894 1507 1961 1598 ipsi
1979 1511 2104 1597 sancti,
2130 1518 2228 1607 quod

202 1627 260 1681 tns
271 1607 427 1678 tribuere
444 1601 523 1670 aliis
540 1611 678 1689 praeter
691 1591 806 1662 Deum
822 1593 1129 1682 onmipotentiam.
1240 1594 1458 1683 diligentiam
1474 1594 1726 1686 adhibuerunt,
1740 1627 1785 1674 ne
1800 1607 2021 1681 effunderent
2037 1613 2108 1683 Dei
2123 1617 2229 1695 dona.

305 1701 442 1797 Omnes
459 1702 566 1790 igitur
578 1698 839 1787 gubernatores,
864 1692 1048 1785 Episcopi,
1076 1706 1192 1784 pasto-
1240 1697 1300 1764 sed
1316 1720 1432 1767 mores
1453 1720 1534 1769 suos
1556 1715 1647 1770 recte
1671 1705 1931 1794 gubernarunt,
1956 1715 2113 1784 studiose
2133 1717 2230 1786 didi-

147 1812 152 1818 '
203 1835 276 1893 res,
303 1820 335 1876 et
345 1796 534 1894 'Principes
548 1795 644 1868 hunc
663 1820 818 1865 errorem
835 1809 869 1866 et
883 1799 1034 1866 abusum
1051 1795 1192 1864 abolere
1241 1812 1365 1867 cerunt
1388 1800 1584 1874 doctrinam
1607 1805 1807 1886 coelestem,
1831 1813 1992 1882 exercitia
2014 1816 2230 1904 studiorum,

204 1913 344 1984 debent,
859 1936 864 1944 ·
1240 1897 1512 1979 meditationum
1541 1918 1575 1972 et
1602 1907 1845 1994 precationum
1872 1908 2089 1988 babuerunt:
2132 1917 2230 2006 Quas

304 2009 404 2097 Quae
426 2015 542 2074 autern
564 2000 755 2093 pertinacia
778 2011 829 2068 est
848 1997 1005 2067 stabilire
1026 1992 1193 2065 bancin-
1243 2022 1366 2067 eorum
1383 2000 1529 2072 virtutes
1546 2005 1649 2073 nobis
1666 2007 1853 2080 imitandas
1873 2037 2126 2106 proponamus.
2180 2017 2232 2090 Dc

118 2113 125 2117 ⁴
205 2113 445 2188 vocationem,
471 2125 550 2173 curn
572 2105 611 2170 in
632 2115 820 2193 conspectu
843 2102 915 2169 sint
939 2101 1069 2167 abusus
1092 2097 1194 2179 tanti,
1242 2094 1299 2168 his
1316 2100 1401 2169 locis
1417 2103 1606 2172 dicendum
1624 2107 1706 2188 erit,
1732 2113 1870 2201 quoties
1885 2116 1927 2184 de
1944 2115 2232 2191 sanctorumbo-

162 2220 186 2247 ''
206 2215 269 2311 qui
282 2211 464 2280 manifeste
481 2218 563 2273 sunt
578 2204 692 2273 cultus
708 2203 897 2280 idolorum,
923 2215 956 2269 et
972 2224 1075 2268 nemo
1093 2200 1194 2287 igno·
1242 2200 1391 2270 naribus
1411 2201 1612 2295 quaeritur,
1633 2232 1786 2300 quorum
1815 2213 1973 2284 locorum
1995 2222 2233 2295 consideratio

208 2305 262 2388 ret
286 2313 424 2381 nullum
456 2318 679 2396 praeceptum
705 2316 765 2372 aut
794 2302 990 2392 exemplum
1016 2313 1131 2368 extare
1156 2298 1194 2365 in
1243 2301 1355 2390 gignit
1375 2303 1414 2371 in
1437 2305 1565 2375 animis
1590 2331 1707 2377 veram
1730 2311 1970 2402 dilectionem,
1994 2326 2233 2394 reverentiam

209 2414 348 2507 scriptis
373 2402 593 2498 Propheticis
621 2417 654 2471 et
676 2400 909 2492 Apostolicis,
944 2402 1040 2494 quod
1073 2402 1196 2469 doceat
1243 2424 1323 2491 erga
1343 2417 1501 2490 sanctos,
1524 2420 1599 2476 turn
1622 2409 1660 2477 in
1682 2411 1787 2480 coelis
1809 2417 1984 2499 viventes,
2008 2434 2087 2491 tum
2107 2428 2233 2496 nobis·

208 2516 301 2589 branc
318 2508 575 2582 invocationem
590 2502 664 2573 Deo
681 2505 828 2592 placere.
1108 2572 1111 2578 ,
1243 2526 1322 2572 curn
1339 2500 1454 2575 adbuc
1472 2503 1589 2578 iubae
1606 2511 1678 2581 vita
1694 2514 1873 2602 degentes,
1898 2538 2087 2613 occupatos
2102 2529 2232 2615 guber-

309 2613 381 2684 Nec
400 2633 481 2677 vero
505 2607 664 2698 sequitur
679 2599 784 2688 hinc,
809 2617 849 2672 ut
865 2602 969 2671 nobis
987 2602 1114 2673 iniuste
1130 2602 1195 2670 ob-
1242 2605 1387 2674 natione
1400 2603 1577 2678 Ecclesiae
1591 2623 1624 2678 et
1639 2608 1794 2702 Reipub.

208 2721 346 2798 iicitur,
373 2711 437 2780 nos
454 2731 529 2777 non
545 2706 710 2794 diligere,
736 2728 811 2773 non
828 2704 1007 2797 venerari,
1031 2702 1105 2772 non
1128 2697 1206 2796 hog
1346 2705 1452 2795 Quod
1477 2711 1633 2801 pulcrius
1664 2718 1901 2804 spectaculum
1922 2723 2139 2811 potestesse
2171 2728 2232 2802 ho-

209 2844 297 2891 nore
315 2815 450 2886 allicere
471 2820 625 2878 sanctos:
651 2804 759 2885 Item,
786 2804 920 2874 aboleri
938 2805 1194 2873 inuniversum
1243 2805 1334 2875 mini
1355 2831 1459 2894 sano,
1492 2835 1597 2902 quarn
1620 2820 1739 2886 mente
1763 2824 1992 2913 contemplari
2014 2828 2104 2897 tales
2128 2833 2232 2917 viros,

210 2927 316 2992 festos
347 2917 442 2996 dies,
471 2934 622 3003 quorum
654 2905 839 2998 praecipua
868 2906 975 2974 fuerit
1001 2905 1195 2977 celebritas.
1244 2909 1365 3015 quales
1384 2911 1529 2980 luerunt
1557 2910 1703 3005 loseph,
1728 2914 1860 3004 David,
1887 2937 1921 2991 et
1945 2925 2015 2994 alii.
2069 2928 2231 3005 Primum

208 3020 267 3095 Ad
290 3016 375 3088 baec
397 3011 665 3103 respondemus:
691 3005 768 3077 Deo
784 3011 924 3076 aeterno
951 3006 1041 3096 patri
1064 3020 1097 3075 et
1122 3005 1194 3073 filio
1246 3009 1341 3076 enirn
1362 3007 1458 3080 Deus
1482 3013 1520 3080 in
1550 3014 1695 3084 illorum
1715 3021 1993 3094 consideratione
2017 3037 2231 3121 agnoscitur,

207 3127 285 3193 eius
317 3119 394 3188 lesu
420 3110 562 3185 Christo
601 3123 634 3180 et
664 3106 816 3198 Spiritui
851 3120 993 3191 sancto,
1027 3120 1195 3200 tanquam
1246 3110 1308 3201 qui
1323 3131 1359 3178 se
1375 3113 1534 3202 perillus
1549 3117 1651 3185 certis
1666 3119 1874 3191 testimoniis
1890 3127 2062 3214 patefecit.
2090 3132 2231 3207 Deinde

207 3222 381 3294 essentiae
397 3211 631 3303 omnipotenti
646 3210 833 3280 tribuenda
852 3222 902 3278 est
917 3209 1109 3291 invocatio,
1136 3207 1194 3275 sed
1245 3210 1284 3278 in
1305 3206 1434 3282 borum
1458 3216 1563 3286 rebus
1592 3218 1696 3305 gestis
1718 3221 1904 3309 discimus,
1931 3234 2110 3317 quomodo
2136 3236 2230 3309 Deus

210 3322 339 3396 sanctis
360 3318 421 3387 alii
439 3310 592 3382 bonores
611 3322 826 3400 competunt.
877 3306 930 3378 Ac
945 3321 1060 3398 potest
1076 3308 1197 3378 erudi·
1246 3311 1387 3400 colligat
1409 3314 1477 3382 sibi
1496 3311 1688 3386 Ecclesiam
1712 3335 1743 3390 et
1765 3328 1942 3414 quomodo
1959 3339 2228 3422 eamgubemav,

209 3418 267 3500 tus'
280 3436 316 3492 et
330 3419 409 3512 pius
427 3413 655 3485 concionator
676 3435 717 3480 ex
739 3432 862 3478 eorum
884 3403 1042 3478 historiis
1064 3408 1196 3501 populo
1247 3410 1369 3483 Tertio
1388 3416 1485 3485 iuvat
1502 3416 1661 3507 ipsorum
1683 3423 1888 3494 excellentes
1905 3427 2055 3497 virtutes
2073 3445 2227 3512 contueri

209 3527 322 3598 multa
339 3514 505 3600 recitare,
531 3537 620 3606 quae
637 3514 680 3579 de
697 3509 859 3579 maximis
880 3510 1003 3590 rebus,
1029 3513 1198 3581 erudiunt
1246 3524 1279 3580 et
1300 3515 1491 3585 admirari.¹
1529 3516 1624 3587 Haec
1647 3523 1880 3595 consideratio
1896 3529 2098 3600 absentium
2112 3560 2227 3615 movet

209 3640 365 3706 mentes,
391 3632 424 3688 et
439 3615 647 3686 confirmant
664 3613 780 3684 fidem.
1246 3615 1384 3686 animos
1403 3619 1446 3686 ad
1465 3622 1665 3711 quaerenda
1687 3627 1840 3716 exempla
1859 3629 2141 3726 interementes,
2167 3649 2224 3737 qui

312 3723 473 3793 Primum
488 3716 585 3808 quod
605 3716 643 3782 in
660 3713 818 3803 ipsorum
833 3705 980 3781 historia
1004 3725 1121 3781 extent
1144 3727 1197 3782 te·
1247 3715 1284 3782 in
1308 3717 1416 3785 simili
1439 3720 1693 3807 gubernatione
1716 3737 1749 3792 et
1765 3729 1947 3800 vocatione
1970 3748 2170 3828 versantu,
2194 3763 2223 3818 et

211 3825 376 3898 stimonia
399 3815 550 3887 illustria
572 3816 615 3883 de
638 3837 775 3881 summo
794 3809 862 3880 Dei
884 3813 1075 3896 beneficio,
1099 3815 1195 3905 quod
1245 3816 1387 3887 collatio
1421 3822 1580 3893 accendit
1615 3824 1897 3899 benevolentiam
1931 3845 1966 3902 et
1999 3849 2221 3918 reverentem

210 3928 375 3997 videlicet
393 3915 525 4015 †Deus
541 3940 576 3985 se
591 3909 746 3982 humano
763 3913 881 4001 generi
898 3914 1074 4003 patefecit,
1100 3915 1195 4005 quod
1246 3940 1325 4006 erga
1343 3941 1412 3993 eos.

210 4030 296 4121 ipsis
320 4017 508 4093 videlicet⁸'
532 4009 722 4104 Prophetis
744 4028 778 4084 et
803 4010 984 4104 Apostolis
1013 4014 1196 4085 tradiderit

210 4121 314 4202 suurn
336 4118 590 4209 Evangelium,
616 4128 650 4184 et
673 4114 849 4183 addiderit
869 4128 960 4183 certa
986 4115 1196 4199 testimonia,

210 4248 244 4303 et
259 4252 322 4323 per
338 4223 402 4295 bos
417 4216 596 4307 collegerit
612 4215 681 4285 sibi
695 4210 900 4288 Ecclesiam.
950 4213 1046 4285 Haec
1060 4239 1195 4286 summa
1347 4200 1426 4272 HOC
1442 4204 1519 4273 l0⁶⁰
1539 4219 1572 4274 et
1588 4209 1630 4277 de
1647 4209 1813 4300 coniugio
1829 4216 2002 4306 dicemus,
2030 4227 2116 4317 quia
2131 4231 2230 4300 usita-

208 4328 378 4404 beneficia
401 4320 469 4391 Dei
494 4319 715 4389 considerare
740 4330 775 4385 et
803 4316 978 4386 celebrare
1001 4319 1196 4408 oportebat,
1246 4316 1323 4374 tum
1348 4319 1399 4372 est
1426 4304 1750 4411 fieri-mentionem
1781 4314 1856 4385 eius
1880 4318 1972 4389 inter
1996 4321 2231 4404 Sacramenta.

210 4448 243 4504 et
261 4455 324 4523 pro
343 4428 393 4498 eis
409 4421 539 4514 'gratias
555 4441 672 4508 agere,
700 4418 837 4509 quoties
859 4430 1059 4487 sanctornm
1082 4414 1195 4489 histo·
1247 4403 1319 4474 Nec
1352 4406 1522 4475 dlt⁵⁰ss⁵i⁰
1539 4403 1581 4501 ³⁸)
1618 4424 1669 4481 t⁵t
1693 4414 1785 4500 Ulla,
1824 4420 1989 4508 quid'sit
2017 4432 2229 4522 coniugium,

207 4537 280 4605 ,iae
295 4529 488 4600 recitantur
504 4534 564 4591 aut
578 4521 786 4607 mgitamur,
807 4527 816 4539 ’
1248 4505 1338 4575 sicut
1357 4517 1393 4575 et
1413 4508 1638 4580 manifestum
1661 4527 1712 4582 est
1736 4516 1779 4585 de
1801 4512 1857 4587 bis
1878 4521 1990 4592 tribus
2007 4528 2106 4600 vitae
2123 4536 2231 4623 gradi-

311 4627 485 4702 Secundo.
538 4620 630 4690 Tota
654 4618 862 4708 gubernatio
885 4614 1063 4688 Ecclesiae
1084 4619 1123 4688 in
1138 4615 1197 4690 hi.
1248 4608 1325 4691 bus,
1341 4608 1571 4698 deconiugio,
1592 4615 1635 4681 de
1651 4614 1819 4704 dignitate
1835 4623 1972 4693 ordinis
1987 4623 2230 4719 Ecclesiastici,

208 4733 326 4807 storiis
342 4739 546 4798 sanctorum
559 4731 676 4789 mente
692 4720 885 4810 reputanda
901 4713 1015 4803 esg'et
1028 4717 1103 4789 Deo
1117 4745 1197 4810 gra.
1248 4708 1340 4777 etde
1356 4708 1526 4817 dignitate
1548 4713 1710 4802 politicae
1726 4719 1993 4805 gubernationis
2014 4731 2054 4799 in
2071 4731 2228 4807 Ecclesia

207 4839 278 4908 ,iae
295 4830 465 4922 agendae,
488 4823 584 4917 quod
600 4821 750 4891 subinde
768 4819 922 4889 restituit
939 4843 1060 4890 vocem
1075 4819 1197 4891 Evan.
1247 4809 1376 4879 nostris
1389 4809 1642 4909 singulariDei
1657 4817 1826 4891 beneficio
1844 4825 2041 4900 doctrinam
2060 4841 2229 4926 praeclara

207 4937 308 5028 getii,
336 4946 369 5001 et
386 4928 474 4999 alios
488 4937 593 5017 atque
607 4913 748 5012 alios³⁶)
764 4932 866 4990 vocat
881 4935 915 4990 et
928 4922 1122 4994 confirmat.
1248 4909 1456 4980 illustratam
1473 4926 1505 4982 et
1522 4931 1743 5005 repurgatam
1759 4945 1848 5009 esse,
1874 4952 1963 5020 quae
1980 4947 2086 5008 antea
2106 4941 2145 5009 in
2167 4955 2227 5011 tra·

310 5032 445 5105 Tertio,
498 5023 655 5112 Insignia
678 5022 834 5112 exempla
856 5021 987 5110 gratiae
1003 5019 1071 5091 Dei
1092 5025 1131 5092 in
1147 5025 1197 5094 ei,
1249 5011 1445 5080 ditionibus
1468 5011 1679 5087 Pontificum
1704 5034 1739 5091 et
1767 5023 2009 5102 deliramentis
2040 5037 2225 5113 monacho-

208 5135 493 5227 conspiciuntur,
520 5127 610 5196 sicut
620 5122 716 5206 Deus
732 5122 880 5193 remittit
898 5135 1034 5212 peccata
1049 5122 1197 5207 Aaroni,
1248 5136 1328 5182 mm
1350 5112 1453 5182 valde
1469 5116 1651 5190 ⁰b⁵⁰11f³l³
1668 5133 1700 5190 θῑ
1716 5128 1952 5203 c⁰¹¹tat¹¹i1¹ata
1969 5135 2099 5216 fuerat,

1601 4068 1662 4142 De
1678 4067 1875 4172 Coniugio.

209 5329 431 5356 nun-*⁸⁸⁶¹-

1154 5431 1160 5451 Ι
1282 5372 1326 5439 87)
1345 5373 1408 5427 Per.
1422 5373 1509 5427 addit:
1526 5413 1545 5443 „
1554 5383 1579 5428 et
1594 5376 1651 5447 ipae
1664 5379 1772 5435 lactaret

241 5464 285 5539 86)
304 5465 375 5518 alios
388 5467 474 5527 atque
485 5457 570 5520 aliea]
584 5456 647 5517 raa.
659 5456 769 5523 aliquos
782 5454 953 5511 entabiliter.
1082 5469 1086 5477 ’
1282 5455 1328 5526 88)
1347 5460 1491 5526 dr'ssenst'e]
1511 5457 1572 5514 Per.
1592 5460 1725 5530 defensio.
