4868 6420
201 317 281 393 273

197 490 293 561 bella
326 512 403 559 non
434 505 605 579 geruntur
641 503 785 582 propter
823 489 981 583 aliquam
1015 487 1194 580 publicam

200 592 454 665 necessitatem.
513 590 674 662 Privatae
697 592 883 685 cupiditati
905 604 1054 684 uterque
1079 591 1195 675 servit,

201 709 238 766 et
258 694 370 763 exitus
394 697 585 785 respondet
610 690 695 765 huic
715 690 959 786 catastrophae
988 696 1026 761 in
1049 691 1193 788 βατρα·

196 791 453 890 χομυομαχίᾳ.
510 795 637 867 Neutri
657 797 805 867 victoria
824 799 1017 866 admodum
1042 798 1195 888 prodest.

199 898 274 969 Nec
289 898 431 967 difficile
448 911 498 968 est
511 900 776 969 accommodare
796 912 912 992 partes
934 897 1073 968 fabulae
1089 912 1123 969 et
1139 920 1194 967 ar-

199 1000 382 1091 rogantiae
398 1000 521 1090 plenas
536 1024 644 1069 ranae
661 1014 696 1072 et
711 996 834 1074 muris.

903 1193 1186 1206 m

1020 1326 1079 1387 hoc
1100 1344 1189 1386 antro.

1018 1413 1190 1443 Μ

201 1319 270 1393 Νο.
285 1320 396 1394 2830.

206 1416 379 1445 Μ
707 1419 711 1427 ,

269 1647 338 1702 Mat.
352 1646 454 1704 Consil.
469 1651 514 1704 lat.
527 1648 561 1707 T.
577 1649 597 1704 l.
618 1668 641 1721 p.
657 1650 709 1704 528
721 1669 762 1719 sq.

631 1783 684 1862 N.
708 1783 761 1862 N.

200 1892 312 1990 Nihil
328 1922 508 1993 difficilius
526 1923 636 1993 estin
651 1945 799 1991 munere
822 1920 985 2012 publico,
1011 1944 1117 2013 quam
1133 1913 1198 1988 ha-

199 2020 286 2092 bere
301 2025 469 2114 collegam
486 2020 787 2125 ζυγομαχοῦντα.
842 2021 962 2111 Quare
978 2018 1093 2090 Deum
1114 2044 1196 2113 pre-

200 2145 278 2210 cor,
303 2141 343 2196 ut
370 2141 505 2197 mentes
522 2142 654 2198 vestras
679 2127 868 2215 gubernet,
895 2138 997 2215 teque
1022 2137 1195 2216 quantum

200 2251 346 2321 possum
367 2225 493 2299 hortor
511 2244 545 2300 et
565 2232 744 2311 obtestor,
768 2240 809 2296 ut
822 2224 920 2296 omni
934 2225 1072 2297 ratione
1086 2225 1196 2294 bene-

200 2329 396 2402 volentiam
419 2333 496 2402 eius
517 2334 610 2402 alere
633 2332 791 2414 studeas,
817 2351 890 2396 non
916 2340 995 2412 tua,
1027 2328 1087 2396 sed
1107 2325 1195 2399 Rei-

199 2433 365 2525 publicae
381 2458 512 2521 caussa.
549 2435 657 2522 Quod
675 2431 842 2502 confertis
858 2429 1049 2500 sententias
1063 2443 1196 2499 vestras

200 2547 285 2607 ante
302 2537 530 2621 concionem,
555 2536 643 2605 utile
660 2540 722 2607 e'st.
778 2530 830 2603 lta
854 2531 963 2622 igitur
986 2546 1020 2603 te
1044 2554 1196 2623 praepa-

201 2637 324 2722 rabis,
356 2652 397 2708 ut
418 2638 575 2709 studiose
596 2638 685 2707 vites
709 2659 765 2721 ea,
798 2659 889 2728 quae
910 2633 1078 2702 ridentur
1105 2658 1195 2726 quo-

201 2740 395 2810 dammodo
412 2765 493 2811 eum
508 2741 688 2810 offensura
706 2760 791 2806 esse.
817 2735 954 2808 Poteris
980 2735 1123 2805 interim
1141 2749 1195 2806 ta·

199 2864 304 2928 rnen,
335 2843 455 2928 utilia,
488 2842 674 2926 salutaria,
714 2832 892 2938 indywyot
920 2841 989 2909 τοῦ
1016 2841 1109 2909 λαοῦ
1140 2837 1196 2906 di-

201 2958 295 3018 cere:
352 2945 394 3014 ld
418 2969 481 3036 ego
503 2945 592 3027 feci,
628 2969 707 3013 cum
730 2942 873 3025 scirem,
906 2963 996 3033 quae
1017 2939 1196 3025 materiae,

202 3047 333 3141 quibus
357 3048 579 3141 temporibus
603 3071 677 3117 nou
700 3058 815 3115 essent
836 3057 952 3135 aptae,
979 3042 1089 3112 sumsi
1105 3043 1195 3113 inte-

202 3149 291 3233 rim,
317 3163 357 3221 ut
376 3151 462 3234 scis,
488 3150 575 3219 alias
595 3173 669 3218 non
694 3146 847 3216 inutiles.
898 3142 945 3215 Et
962 3146 1097 3237 proluit
1111 3140 1197 3214 haec

203 3274 279 3321 mea
293 3252 396 3326 ratio.
448 3250 546 3322 Bene
564 3252 619 3342 agi
635 3265 749 3321 tecum
772 3249 909 3332 iudico,
934 3249 964 3317 si
979 3247 1048 3317 sibi
1072 3248 1198 3316 sumsit

203 3369 320 3444 partes
335 3355 476 3424 dicendi
494 3349 578 3448 περὶ
591 3345 819 3447 μυστηρίων.
870 3350 961 3420 Nam
989 3350 1053 3419 etsi
1078 3374 1196 3419 caussa

204 3457 299 3548 apud
321 3458 399 3549 pios
427 3471 461 3527 et
483 3459 654 3526 candidos
677 3477 750 3524 non
768 3452 921 3523 difficilis
941 3466 991 3521 est
1005 3451 1196 3544 explicatu:

204 3571 323 3628 tamen
347 3561 494 3652 nequid
518 3561 573 3627 vel
590 3557 792 3628 certaminis
804 3556 861 3624 vel
875 3554 1085 3647 suspicionis
1103 3554 1198 3623 oria-

204 3674 282 3746 tur,
306 3663 408 3736 lacile
423 3662 539 3753 patior
555 3661 658 3729 illum
671 3661 786 3729 solum
801 3661 846 3727 de
859 3682 901 3728 eo
917 3671 1124 3748 argumento
1140 3656 1197 3726 di·

205 3788 292 3838 cere.
346 3763 404 3834 Tu
421 3767 465 3833 de
481 3763 561 3834 aliis
575 3763 733 3833 materiis
755 3761 892 3831 utiliter
909 3761 1112 3831 concionari
1132 3784 1197 3852 po-

206 3868 301 3940 teris.
335 3865 531 3937 Hortemur
546 3866 717 3958 populum
732 3866 777 3932 ad
793 3864 1065 3955 poenitentiam,
1092 3867 1134 3932 ad
1152 3864 1197 3932 ti-

205 3993 360 4050 morem,
386 3971 509 4054 fidcm,
544 3969 826 4050 invocationem,
859 3965 1022 4036 exercitia
1045 3965 1197 4056 pietatis,

205 4078 446 4164 proponamus
462 4072 621 4164 publicas
646 4084 679 4140 et
697 4070 782 4138 alias
799 4092 942 4160 poenas.
995 4064 1085 4137 Nam
1101 4066 1197 4137 Tur-

205 4198 262 4245 cos
276 4199 373 4244 arma
385 4172 599 4244 Germaniae
615 4174 859 4242 illaturosesse
873 4171 1077 4243 affirmatur.
1103 4169 1197 4239 llinc

205 4300 322 4348 sumes
337 4279 560 4368 gravissimas
577 4271 853 4346 adhortationes.

1037 4622 1095 4683 hoo
1111 4643 1200 4682 anno.

1047 4712 1168 4739 Μ

582 4787 816 4903 Studiosis.

270 4941 290 5004 †
306 4934 343 4988 Er
357 4933 463 4987 collect.
481 4930 784 4987 Ballenstetit2¹vcsl=.·ll.
797 4930 848 4984 No.
862 4928 922 4983 129.
942 4928 987 4980 ubi
1002 4928 1136 4998 adscripta
1157 4928 1198 4978 le-

305 5015 408 5074 guntur
427 5005 508 5057 haec:
535 5021 563 5052 er
584 5002 749 5071 autographo
770 5003 901 5052 Adeamus
922 4997 1069 5050 tanturm
1092 4997 1196 5050 descri-

304 5073 366 5144 psit.
382 5100 419 5114 -··
452 5070 574 5124 Similem
590 5070 644 5122 fere
658 5069 783 5122 schedam
800 5065 961 5119 ttetamhon
976 5085 1047 5119 anno
1064 5064 1138 5121 1581.
1152 5065 1193 5118 af·

213 5154 228 5179 '·
305 5144 375 5211 fixit,
396 5139 547 5211 quarn-rid.
564 5154 645 5208 supra
658 5139 686 5189 in
702 5137 754 5189 fine
767 5138 832 5189 anui
848 5136 922 5189 1531.

547 5232 794 5327 Studiosis
820 5252 860 5329 S.

188 5361 377 5481 Decrevi,
403 5394 538 5487 aliquot
559 5366 709 5481 ttamen
730 5391 842 5459 tauros
864 5351 1091 5481 interpretari
1111 5388 1187 5461 neo

192 5496 352 5570 volente.
405 5493 446 5565 ln
470 5490 546 5581 eam
569 5514 645 5562 rem
666 5491 847 5564 collocabo
871 5492 1035 5583 deinceps
1061 5485 1185 5562 horam

248 5603 427 5668 dissuasu.
441 5601 544 5667 Orsa.
571 5599 656 5664 Vor..
668 5597 711 5663 V.

773 290 1207 390 urrsroua'aun
1263 309 1372 390 mn.
1405 311 1469 387 rx,
1525 310 1657 392 asts.

2164 325 2239 402 274

1245 500 1375 557 sextam
1390 487 1449 556 die
1465 484 1655 575 Mercurii,
1679 493 1943 584 etpraelegam,
1968 500 2130 586 utsoleo,
2156 526 2236 594 gra.

1243 588 1299 658 tis.
1351 585 1457 677 Quod
1482 603 1599 660 autem
1629 594 1767 680 lemnt,
1797 592 1999 667 Homerum
2021 606 2237 678 mendicasse
2318 610 2354 647 '¹'

1243 690 1387 775 vivum,
1401 692 1437 760 id
1456 693 1582 763 accidit
1596 694 1628 763 ei
1645 695 1750 765 etiam
1767 711 1920 777 mortuo.
1971 697 2127 778 Obcrrat
2143 712 2236 801 opti-

1244 817 1324 863 mus
1339 807 1437 864 vates
1460 808 1495 865 et
1515 809 1634 886 rogat,
1661 799 1781 890 quise
1806 801 1931 873 audire
1947 805 2070 880 velint.
2122 807 2233 882 Pecu:

1246 896 1342 965 niam
1365 896 1526 987 polliceri
1552 923 1626 967 non
1648 914 1779 990 potest,
1806 905 1867 972 scd
1887 905 2076 995 pollicetur
2091 935 2236 1003 magna-

1245 1022 1325 1067 rum
1348 1021 1468 1068 rerum
1489 1000 1698 1075 doctrinam.
1762 1001 1878 1094 Rogat
1900 1021 2017 1078 autem
2041 1016 2235 1086 nonnullos

1244 1092 1480 1193 βαναύσους,
1507 1101 1569 1194 qui
1585 1116 1810 1197 quaestuosas
1825 1123 1917 1180 artes
1930 1109 2139 1212 exercent*)
2161 1142 2234 1188 non

1245 1203 1360 1272 solum
1376 1203 1476 1272 nulla
1492 1203 1653 1276 instructi
1669 1207 1808 1281 liberali
1823 1210 2027 1305 disciplina,
2053 1220 2113 1287 sed
2130 1219 2236 1290 etiam

1247 1328 1287 1373 ex
1304 1299 1371 1372 hac
1395 1329 1467 1374 una
1490 1331 1528 1375 re
1552 1308 1744 1399 sapientiae
1767 1307 1895 1382 lamam
1916 1330 2114 1407 captantes,
2141 1325 2235 1416 quod

1247 1406 1430 1494 magnifice
1449 1408 1565 1478 ausint
1580 1423 1804 1481 contemnere
1817 1437 1941 1487 omnes
1964 1419 2050 1489 alias
2071 1415 2236 1495 honestas

1247 1506 1463 1599 disciplinas.
1515 1508 1621 1600 Quod
1645 1513 1675 1582 si
1697 1536 1779 1584 casu
1801 1514 1838 1583 in
1866 1513 1993 1589 horum
2008 1514 2162 1617 aliquem
2178 1527 2237 1595 in-

1247 1612 1372 1681 ciderit
1396 1609 1593 1697 Homerus,
1628 1613 1697 1708 (est
1720 1617 1815 1687 enim
1838 1619 2000 1719 coecus),
2025 1638 2102 1696 orat
2121 1650 2157 1696 se
2179 1630 2236 1697 di-

1248 1713 1341 1783 mitti
1365 1714 1535 1799 civiliter,
1560 1716 1650 1788 sicut
1671 1715 1855 1791 aPlatone
1876 1746 1917 1793 ex
1940 1749 2012 1817 rep.
2025 1718 2236 1805 dimittitur.

1250 1812 1382 1884 Verum
1398 1811 1462 1886 hos
1477 1830 1578 1887 vocat
1596 1821 1639 1889 ad
1658 1842 1695 1889 se
1708 1824 1936 1911 audiendum,
1951 1828 2013 1921 qui
2027 1830 2150 1902 colunt
2163 1847 2238 1902 stu·

1247 1917 1306 1986 dia
1329 1918 1523 1989 liberaliter
1549 1934 1583 1990 et
1614 1922 1755 1992 virtutis
1787 1948 1918 2001 amore.
1978 1927 2055 2020 Ego
2079 1934 2237 2017 memini,

1247 2022 1427 2111 quondam
1450 2045 1523 2091 non
1546 2025 1702 2113 potuisse
1727 2027 1851 2098 talium
1872 2031 2083 2122 scriptorum
2098 2036 2236 2127 copiam

1248 2121 1325 2190 lieri
1347 2118 1579 2207 scholasticis,
1604 2128 1798 2219 quamlibet
1820 2153 1947 2221 magna
1971 2116 2131 2206 mercede
2154 2163 2243 2230 pro-·

1246 2224 1370 2314 posita.
1421 2223 1526 2298 Nunc
1539 2239 1658 2297 tantus
1673 2243 1869 2302 contemtus
1887 2247 1938 2304 est
1952 2236 2165 2327 optimarum
2180 2265 2240 2311 ar-

1247 2325 1357 2411 tium,
1383 2340 1423 2397 ut
1447 2351 1528 2397 curn
1552 2331 1659 2418 gratis
1682 2332 1880 2406 offerantur
1902 2349 1936 2407 et
1955 2340 2239 2431 praelegantura

1247 2429 1388 2520 peritis,
1435 2431 1630 2500 mendicari
1660 2435 1839 2508 auditores
1866 2433 2046 2511 Homerus
2086 2459 2240 2534 cogatur.

1247 2529 1318 2601 Sed
1336 2555 1441 2624 quam
1457 2548 1575 2622 gratus
1591 2535 1636 2604 sit
1650 2532 1829 2608 Homerus
1846 2563 1927 2630 erga
1945 2535 2028 2626 hos,
2061 2545 2124 2638 qui
2135 2572 2241 2617 men—

1248 2634 1424 2702 dicantem
1459 2636 1611 2724 henigne
1648 2657 1876 2730 exceperunt,
1927 2644 2050 2713 multis
2083 2647 2121 2714 iu
2155 2650 2241 2720 locis

1248 2736 1421 2820 ostendit,
1451 2736 1513 2804 ubi
1535 2731 1691 2828 hospites
1706 2764 1787 2811 suos
1805 2745 1969 2817 celebrat.
2022 2744 2142 2835 Quare
2168 2774 2241 2822 non

1248 2838 1428 2922 dubitetis,
1436 2838 1567 2931 aliquid
1579 2841 1685 2909 olficii
1697 2841 1733 2911 in
1748 2838 1844 2915 hunc
1856 2847 2059 2918 mendicum
2071 2852 2244 2931 conferre.

1250 2937 1435 3009 Witteuh.
1457 2936 1564 3014 1543.

1258 3181 1300 3189 —.
1310 3182 1374 3188 ---·
1393 3184 1397 3188 -
1405 3183 1425 3189 -
1438 3184 1458 3189 —
1561 3186 1582 3194 .-
1589 3186 1612 3194 -ο
1619 3184 2236 3206 *mmmm—..-

1250 3341 1315 3412 No.
1330 3343 1442 3441 2832.

1255 3439 1428 3466 m

2071 3361 2130 3422 hoc
2146 3383 2235 3423 anno.

2066 3452 2237 3481 Μ

1626 3544 1868 3655 Praefatio.
1951 3588 1955 3595 ·

1318 3706 1452 3791 Praelatio
1479 3712 1514 3791 io·
1529 3709 1630 3763 Brendi
1650 3709 1844 3794 catechismum
1865 3714 2010 3784 puerilem,
2034 3717 2099 3772 edit.
2113 3720 2155 3792 9.,
2175 3739 2244 3794 quae

1349 3779 1450 3847 produt
1459 3778 1571 3860 theb.
1584 3798 1633 3862 per
1646 3779 1735 3836 bucol.
1750 3778 1889 3835 Srbtrlena
1903 3802 1977 3838 anno
1990 3786 2066 3840 15⁴3.
2111 3789 2180 3844 ltem
2194 3810 2244 3845 eo·

1352 3848 1412 3900 dem
1432 3865 1504 3900 auno
1520 3850 1552 3900 Li
1574 3867 1626 3902 siae
1649 3849 1719 3970 ''hu‘’
1734 3848 1824 3904 Nicol.
1839 3848 1975 3907 Wolrab.
2013 3853 2117 3913 liecusa
2137 3860 2164 3914 in
2182 3860 2245 3914 Me-

1355 3915 1551 3988 lanth.opp.b
1580 3918 1644 3974 iteh.
1685 3918 1728 3973 .l.
1749 3925 1865 3990 p.l.-
1906 3922 1937 3974 ln
1950 3923 2035 3994 priori
2057 3926 2177 3982 editione
2192 3928 2245 3984 Ca·

1352 3986 1476 4067 techirmi
1497 3987 1655 4043 anu01540.
1670 3987 1735 4042 haec
1750 3989 1880 4059 praelatio
1895 4006 1953 4043 non
1968 3992 2075 4063 legitur.
2115 3996 2196 4052 Plura
2211 3999 2245 4053 de

1353 4055 1424 4108 libro
1440 4056 1560 4109 dicemus
1575 4055 1607 4109 ad
1620 4057 1811 4113 catechismum
1827 4057 1926 4129 ipsum.

1302 4204 1502 4307 Philippus
1526 4180 1754 4280 Melanthea
1781 4204 1852 4280 Pio
1879 4204 2073 4284 Lectori
2098 4216 2133 4288 S.
2150 4217 2194 4289 Ι).

1251 4344 1405 4436 Utinam
1427 4358 1660 4459 Typographi
1687 4365 1724 4433 iu
1747 4365 1943 4458 deligendis
1958 4370 2131 4453 materiis,
2158 4398 2245 4466 quas

1253 4471 1375 4553 edunt,
1389 4466 1632 4557 diligentiores
1646 4483 1772 4553 essent,
1787 4493 1826 4538 ac
1842 4493 1916 4537 non
1928 4484 2063 4541 tantum
2077 4476 2134 4542 sui
2147 4499 2244 4545 com·

1253 4570 1392 4665 pendii,
1420 4570 1479 4638 sed
1499 4569 1604 4647 etiam
1622 4568 1785 4661 publicae
1801 4571 1963 4643 utilitatis
1981 4558 2156 4645 rationem
2179 4572 2245 4647 ha-

1252 4670 1394 4757 berent,
1419 4671 1625 4764 praesertim
1644 4670 1682 4739 in
1700 4675 1846 4744 edendis
1863 4675 2003 4767 scriptis
2019 4679 2063 4747 de
2078 4679 2242 4752 doctrina
2321 4741 2324 4751 .

1250 4771 1464 4848 Christiana.
1513 4767 1647 4844 Extant
1658 4772 1817 4870 aliorum,¹
1826 4777 1959 4860 libelli,
1978 4780 2047 4873 qui
2061 4773 2148 4852 haec
2170 4784 2243 4854 ele-

1249 4891 1367 4948 menta
1391 4874 1530 4969 pietatis
1552 4876 1753 4962 continent,
1784 4902 1872 4971 quae
1896 4878 1998 4959 initio
2023 4870 2140 4972 pueris
2156 4909 2242 4978 pro·

1247 4993 1433 5074 ponuntur
1458 4978 1496 5044 in
1517 4972 1717 5062 Catcchesi,
1749 4972 1791 5049 ut
1820 4974 1926 5070 vulgo
1951 4974 2090 5054 v'oca'nt.
2147 4984 2239 5057 Cum

1247 5079 1515 5174 autem2p'r'dsit',
1540 5103 1669 5170 pucros
1686 5082 1731 5150 ad
1750 5105 1859 5150 unam
1877 5084 2072 5174 simplicem
2090 5100 2123 5157 et
2138 5089 2237 5157 simi-

1244 5187 1313 5255 lem
1328 5182 1510 5254 doctrinae
1529 5182 1679 5251 formam
1702 5183 1905 5269 adsuelieri,
1929 5199 2086 5276 optarem
2111 5214 2149 5258 ex
2166 5191 2237 5261 illis

1273 5513 1303 5585 *l
1323 5516 1426 5586 lipogr.
1443 5518 1627 5577 exercentur,
1645 5509 1785 5564 mendose.

1352 5586 1463 5658 ,18
