4882 6426
94 348 169 423 ast
456 439 458 444 ,
655 300 1116 424 ἘΡιεΤοιΑιιυΜ
1168 346 1275 456 nin.
1303 347 1367 425 1x.
1418 344 1557 425 1644.
2059 357 2137 435 tte
2207 277 2210 298 ¹
2257 410 2263 420 .

93 519 160 594 No.
179 520 294 594 ³030.
933 523 1092 608 tlt-Sept.
1145 519 1224 600 coir
1244 513 1374 590 narnia
1394 513 1470 591 elne
1495 513 1680 615 χρήσιμα,
1715 517 1860 625 μεγάλα
1882 521 1992 623 χάρις
2019 525 2137 626 αὐτῷ.

107 615 280 646 Μ
942 619 1076 648 W*
1146 621 1185 690 Si
1199 644 1322 689 verum
1344 623 1449 690 decus
1473 636 1545 705 est,
1570 621 1748 696 Ecclesiae
1763 630 1959 699 seminaria
1978 634 2137 719 educere,
2184 630 2189 636 ’

434 714 486 802 G.
525 717 769 830 Spalait'nO.
1146 735 1180 807 et
1204 721 1298 791 cives
1316 724 1360 789 ad
1385 723 1552 792 virtutem
1583 725 1753 809 invitare,
1788 729 1982 819 plurimum
2014 734 2137 804 deberi

168 881 188 948 q
208 877 245 930 Ex
264 895 277 929 a
298 893 357 947 ogr.
376 876 405 928 tn
424 876 487 930 eod.
508 874 591 933 Gom
614 877 676 930 402·
696 894 725 946 p.
745 876 806 928 276.
830 883 857 927 e,
875 872 937 930 cod.
957 871 1052 927 Meto.
1072 870 1093 925 L
1147 819 1202 890 his
1217 823 1446 892 iudicandum
1464 840 1525 905 est,
1552 827 1614 918 qui
1633 841 1789 897 teneram
1805 845 1952 901 aetatem
1967 834 2135 909 fonnant.

199 965 243 1017 ⁶1³·
260 895 315 1000 nis,
1145 922 1254 992 Mitto
1278 937 1393 992 autern
1418 927 1484 993 tihi
1507 927 1661 995 indicem
1682 930 1822 998 dierum
1843 932 1998 1026 aliquot,
2029 958 2135 1028 quem

1144 1025 1265 1114 angeri
1281 1039 1340 1095 tua
1362 1027 1544 1114 diligentia
1564 1028 1658 1101 volo.
1707 1027 1928 1103 Excitandae
1940 1035 2135 1109 iuventutis

1145 1149 1263 1194 caussa
1288 1121 1372 1194 haec
1393 1129 1561 1212 observo,
1594 1145 1627 1199 et
1651 1132 1816 1220 cogitatio
1833 1148 1989 1206 veterum
2013 1162 2132 1209 rerum
2198 1128 2201 1133 ¹

35 1252 52 1262 ·
98 1216 266 1302 Primum
293 1256 417 1323 precor
438 1258 479 1303 ex
501 1234 620 1303 animo
643 1234 829 1304 dominum
852 1245 1014 1302 nostrum
1039 1229 1092 1301 le-
1144 1251 1201 1297 me
1216 1229 1260 1296 de
1277 1227 1400 1296 multis
1411 1230 1517 1298 rebus
1530 1232 1707 1306 admonet.

70 1360 74 1367 ·
101 1355 181 1404 snm
201 1329 384 1406 Christum
410 1335 613 1405 crucifixum
638 1359 702 1426 pro
724 1335 827 1404 nobis
854 1349 887 1404 et
909 1333 1092 1403 resuscita·
1193 1332 1196 1341 '
1246 1328 1304 1403 De
1323 1350 1402 1397 meo
1418 1329 1573 1419 periculo
1591 1333 1679 1402 scito
1692 1354 1750 1402 me
1768 1358 1843 1405 rem
1857 1344 1966 1409 totam
1979 1338 2057 1413 Deo
2073 1364 2134 1410 ae-

100 1448 196 1521 tum,
221 1449 263 1504 ut
287 1449 320 1504 te
345 1437 547 1506 consoletur
568 1435 697 1526 spiritu
712 1460 776 1505 stro
793 1450 933 1520 sancto,
959 1436 1021 1527 qui
1037 1434 1093 1502 vi·
1144 1443 1245 1498 terno
1267 1431 1360 1520 patri
1382 1427 1530 1499 Domini
1551 1434 1662 1504 nostri
1687 1432 1766 1506 lesu
1790 1434 1926 1510 Christi
1944 1438 2133 1530 commen·
2159 1483 2161 1488 =

42 1575 46 1587 ·
100 1549 228 1608 tamet
250 1537 421 1608 laetitiam
439 1538 612 1610 accendit.
662 1535 802 1607 Deinde
817 1551 849 1608 te
864 1550 1005 1629 quoqne
1028 1559 1091 1606 oro
1143 1532 1246 1615 dare,
1267 1554 1334 1600 nec
1354 1534 1476 1600 cedam
1500 1529 1634 1604 invitus
1656 1558 1698 1606 ex
1720 1531 1789 1607 hoc
1812 1542 2006 1630 ergastulo,
2031 1544 2061 1613 si
2082 1545 2134 1616 ita

101 1650 138 1707 et
160 1640 335 1721 obtestor,
364 1657 405 1708 ut
430 1641 474 1708 de
498 1661 640 1733 quoque
663 1642 775 1727 erigas
800 1639 1011 1728 cogitatione
1029 1661 1092 1706 vo·
1144 1655 1199 1701 res
1215 1632 1314 1701 ieret.
1364 1630 1443 1702 Hoc
1456 1633 1636 1704 silentium
1652 1640 1749 1729 quod
1765 1662 1862 1710 nunc
1879 1656 1948 1727 est,
1972 1644 2132 1735 intelligo

100 1739 249 1810 luntatis
271 1735 416 1808 Christi.
466 1739 547 1809 Non
569 1737 846 1823 vultChristus,
872 1755 912 1809 ut
935 1740 1005 1828 ipsi
1026 1760 1092 1807 nos
1143 1755 1214 1826 quo
1240 1746 1385 1827 spectet:
1419 1733 1509 1802 illud
1533 1736 1638 1805 etiam
1660 1738 1830 1828 scribenti
1852 1744 2011 1814 venitin
2032 1771 2134 1815 men-

100 1839 141 1907 in
157 1841 438 1931 desperationem
460 1855 493 1910 et
511 1853 661 1910 mortem
674 1865 891 1937 mergamus,
916 1843 976 1907 sed
1004 1841 1092 1922 vult,
1143 1847 1234 1913 tems
1256 1828 1332 1903 herl
1349 1830 1438 1903 mihi
1453 1850 1636 1907 narratum
1649 1853 1720 1924 est,
1742 1835 1781 1908 T
1779 1833 2002 1914 heobaldam
2009 1841 2134 1918 Belli-

101 1964 169 2010 nos
185 1936 401 2026 homicidae,
427 1943 583 2024 diabolo,
605 1943 785 2027 resistere,
811 1942 1009 2033 impellenti
1027 1962 1093 2009 nos
1144 1955 1275 2002 canam
1292 1936 1432 2025 pulsum
1456 1960 1530 2007 esse
1552 1951 1625 2007 tota
1641 1937 1795 2009 Palatini
1809 1943 1963 2033 ditione,
1989 1964 2135 2041 propter

102 2045 148 2111 ad
171 2042 410 2137 dubitationes
435 2045 479 2112 de
500 2041 566 2112 Dei
591 2044 845 2115 misericordia.
895 2040 982 2112 Esto
1006 2042 1092 2111 forti
1144 2037 1286 2125 negocia
1305 2039 1477 2128 quaedam
1493 2038 1617 2111 aulica.
1668 2039 1753 2112 Fuit
1767 2066 1865 2114 meus
1882 2046 2135 2143 συμφοιτητὴς

101 2157 137 2212 et
156 2143 248 2213 laeto
273 2144 412 2224 animo,
444 2146 526 2237 quia
549 2140 711 2213 Christus
735 2146 839 2214 nobis
860 2145 1013 2213 donatus
1032 2157 1093 2225 est,
1145 2150 1179 2206 cl
1200 2138 1343 2224 ingenio
1370 2152 1404 2207 et
1429 2139 1630 2232 eloquentia
1654 2166 1711 2211 me
1733 2142 1838 2233 longe
1858 2163 2010 2238 superat.
2061 2150 2133 2221 Sed

82 2256 145 2314 'ut
167 2246 283 2334 angeli
302 2260 451 2316 canunt:
485 2266 556 2314 ecce
578 2244 766 2313 annuncio
787 2242 887 2314 vobis
909 2237 1092 2335 gaudiam
1145 2237 1238 2306 malo
1262 2239 1403 2308 exulare
1427 2240 1467 2307 in
1482 2263 1522 2308 ea
1536 2265 1677 2321 caussa,
1700 2268 1790 2334 quae
1805 2246 1843 2313 in
1866 2270 1922 2316 me
1940 2250 2133 2334 confertur,

60 2418 73 2427 ,
103 2369 304 2440 mgnum,-
331 2346 499 2435 gaudium
510 2339 569 2440 *')
585 2348 722 2440 inquit,
748 2363 782 2416 et
798 2347 921 2415 laetari
936 2368 1001 2414 nos
1017 2347 1092 2413 vult
1145 2363 1250 2430 quam
1266 2354 1411 2432 propter
1426 2340 1507 2410 talia
1525 2342 1689 2430 negocia,
1715 2346 1882 2436 qualibus
1897 2348 1959 2418 ille
1978 2350 2135 2442 implici-

102 2462 136 2517 et
159 2449 267 2519 iubet.
318 2445 392 2517 Nec
412 2460 450 2517 tu
470 2470 611 2518 causam
635 2444 741 2516 habes
768 2449 930 2519 tristitiae
953 2448 1092 2517 iustam.
1146 2457 1200 2508 tus
1221 2440 1301 2511 fuit.
1351 2434 1619 2511 Ferdinandns
1643 2467 1702 2512 rex
1727 2469 1807 2514 cum
1830 2461 1905 2518 toto
1920 2452 2060 2539 agmine
2076 2455 2134 2524 in-

64 2620 69 2629 ,
101 2546 286 2620 Adiuvisti
308 2549 461 2619 fideliter
485 2551 664 2617 ecclesiam
687 2546 772 2632 Dei,
808 2564 841 2619 et
870 2549 942 2617 scio
966 2547 1092 2639 optimi
1144 2540 1306 2629 grediens
1323 2539 1519 2628 Viennam,
1552 2543 1689 2632 ingenti
1718 2548 1879 2618 examine
1907 2551 2134 2643 locustarum,

102 2650 275 2741 principis
294 2650 510 2719 voluntatem
534 2672 613 2738 erga
639 2663 672 2720 te
688 2651 958 2742 optimamesse.
1010 2648 1092 2720 Scio
1144 2642 1241 2735 velut
1266 2641 1381 2711 imbre
1405 2645 1554 2714 obrutus
1578 2658 1755 2720 narratur.
1804 2645 1903 2720 Bene
1924 2653 2014 2728 vale.
2048 2655 2131 2733 ΧΠ.

104 2775 247 2834 omnes,
273 2775 424 2843 quorum
449 2753 637 2820 auctoritas
656 2753 843 2843 praecipua
865 2764 935 2835 est,
958 2750 1026 2820 tibi
1051 2773 1092 2817 ex
1144 2739 1291 2816 Galend.
1311 2745 1428 2816 octob.

104 2853 226 2921 urtimo
242 2855 330 2922 bene
347 2853 455 2937 velle,
480 2866 514 2921 et
530 2877 651 2921 ornnes
665 2867 801 2944 optare,
827 2877 871 2922 ne
889 2853 936 2922 ita
955 2849 1094 2941 angaris
1800 2844 1894 2927 Phil.
1909 2851 2084 2927 Melanth.

105 2954 238 3025 animo.
301 2952 385 3023 ldeo
412 2954 535 3046 pellito
556 2955 766 3024 moestitiam
795 2969 828 3025 et
851 2953 1030 3046 acquiesce
1055 2975 1093 3020 ac
1655 3003 1659 3012 ,

106 3054 289 3142 laetareid
304 3046 458 3126 Christo.
508 3053 605 3124 Bene
621 3056 709 3128 vale.
765 3057 823 3131 16.
840 3054 1070 3145 Septembris.
1433 3047 1502 3124 Ex
1526 3055 1644 3126 sacris
1671 3050 1852 3137 historiis.

839 3151 933 3229 Phil.
951 3155 1037 3229 Mel.

317 1095 522 1195 Georgio
550 1066 882 1197 Spalalino.*)
965 1081 973 1092 ’

1196 3200 1323 3272 Mense
1336 3197 1468 3271 Martio
1483 3204 1541 3272 die
1558 3205 1590 3279 l.
1608 3206 1804 3279 diminutae
1819 3235 1929 3306 aquae
1945 3216 2084 3295 diluvii.

1198 3303 1324 3373 Mense
1339 3307 1494 3373 secundo
1512 3305 1571 3374 die
1582 3306 1640 3379 17.
1655 3308 1942 3396 ingressusNoha
1956 3317 1995 3387 in
2009 3344 2136 3399 arcam·

1199 3403 1323 3494 Mense
1345 3400 1500 3474 secundo
1525 3407 1659 3481 dieat.
1677 3432 1834 3497 egressus
1850 3412 1953 3487 Noha
1977 3443 2018 3489 ex
2044 3446 2136 3498 arca.
2199 3468 2205 3474 -
2270 3393 2276 3397 ι

108 3520 176 3594 ΝΟ,
193 3522 308 3597 5031⁸
943 3539 1000 3600 ¹9,
1014 3524 1100 3609 sept,
1149 3503 1245 3594 Ergo
1270 3519 1362 3575 totns
1387 3530 1502 3576 aterius
1525 3507 1562 3575 in
1580 3533 1660 3578 arca
1677 3514 1871 3604 completus
1886 3532 1955 3602 est,
1981 3523 2065 3614 quia
2078 3550 2137 3595 ac.

97 3617 288 3659 ’Μ
923 3616 1101 3682 ῸΝ,
1150 3609 1281 3679 cedunt
1296 3603 1460 3676 ἔπακται.

386 3701 535 3786 Ῑωαοὴ.
570 3699 826 3790 Camerario.
1202 3706 1327 3778 Mense
1343 3707 1491 3798 septimo
1507 3706 1564 3778 die
1580 3708 1642 3784 27.
1656 3711 1791 3804 quievit
1805 3737 1896 3789 arca.

112 3828 115 3835 ‚
177 3859 263 3932 Epist.
276 3860 309 3914 ad
326 3859 464 3916 Camerar.
500 3860 601 3916 Abia
623 3898 631 3915 .
650 3857 868 3928 (ed.1.ond.lV.
887 3859 1025 3932 epm.)-
1203 3807 1328 3926 Mfmii
1353 3810 1411 3926 Ψ
1433 3832 1512 3879 esus
1534 3811 1635 3900 εἰμί’
1661 3825 1697 3882 et
1723 3814 1839 3904 pmii)
1863 3812 2014 3891 Christi:
2066 3827 2139 3898 sed

111 3932 117 3943 .
368 3955 377 3969 „
481 3879 499 3934 Ρ
604 3881 621 3933 ‘¹
1152 3910 1331 3980 Passiones
1348 3912 1423 3978 dies
1444 3925 1559 3982 certus
1577 3926 1629 3984 cst
1643 3926 1787 3985 octavus
1802 3929 1883 3987 ante
1898 3917 1974 3995 Cal.
1990 3922 2140 4018 Aprilis,

45 4069 47 4073 -
113 4004 273 4087 Clariss.
308 4010 386 4082 aira
426 4007 629 4082 eruditione
670 4018 702 4081 el
736 4010 864 4083 virtute
893 4014 1107 4111 praestanti
1152 4015 1189 4084 id
1206 4024 1257 4081 est
1270 4010 1332 4084 25.
1348 4011 1482 4085 Martii.
1813 4068 1815 4071 .
1930 4041 1933 4046 ·

32 4190 36 4199 ,
112 4114 142 4188 I
147 4109 359 4188 oachimo
393 4107 664 4185 Camerario
696 4107 849 4184 Rectori
882 4111 1102 4187 Academiae
1203 4111 1428 4184 Resurrectio
1444 4114 1505 4185 28.
1520 4111 1656 4185 Martii.

283 4211 475 4314 Lipsicae,
501 4218 620 4286 arnico
635 4240 704 4285 suo
724 4212 934 4299 carissimo,
1204 4212 1289 4283 Dies
1303 4213 1363 4285 25.
1375 4212 1508 4282 ‘Martii
1520 4213 1651 4284 dicitur
1665 4228 1700 4285 et
1715 4215 1790 4287 dies
1806 4215 2004 4293 Creationis
2017 4222 2128 4305 Adae.

1204 4312 1272 4383 Die
1294 4314 1355 4386 25.
1370 4314 1600 4400 Novembris,
1633 4316 1696 4409 qui
1724 4341 1820 4388 nunc
1845 4336 1897 4393 est
1919 4321 2141 4417 Catharinae,

1154 4412 1493 4512 fueruntEncaenia
1508 4413 1743 4510 lerosolymis.
1913 4409 1916 4415 ¹

1205 4514 1272 4585 Die
1295 4519 1351 4587 13.
1365 4515 1552 4585 Februarii
1569 4515 1693 4588 Victus
1709 4516 1876 4596 Nicanor.

1204 4615 1271 4687 Die
1286 4616 1321 4689 8.
1338 4616 1556 4707 Septembris
1572 4617 1728 4689 deletum
1745 4625 1915 4716 templum
1929 4614 2063 4717 aTito,
2079 4633 2143 4726 qui
2221 4631 2223 4634 ’

1158 4718 1231 4786 dics
1248 4742 1343 4789 nunc
1357 4732 1409 4787 est
1421 4717 1558 4788 Natalis
1576 4717 1619 4792 Β.
1635 4719 1784 4796 Mariae.

114 4335 159 4427 S.
176 4354 221 4429 u.
271 4351 354 4422 Non
369 4353 553 4423 dissimulo
569 4376 626 4420 me
642 4349 1105 4422 delectationibusque.

115 4459 193 4529 cula
208 4450 433 4546 Epicharmi,
448 4458 491 4523 de
509 4477 578 4546 qua
593 4452 735 4536 scribis,
758 4449 848 4547 Nam
865 4450 1022 4542 profecto
1039 4454 1105 4520 ali·

116 4573 249 4654 quanto
263 4557 377 4625 maius
394 4557 498 4624 decus
510 4579 582 4624 esse
598 4554 715 4623 iudico
731 4547 859 4623 naenia
868 4544 1035 4644 χρήσιμα
1051 4549 1106 4621 λε’-

117 4684 214 4761 γειν,
239 4683 344 4751 quam
361 4656 508 4725 Troiam
523 4654 660 4746 capere.
711 4650 844 4724 Extant
857 4666 972 4722 autem
996 4653 1107 4721 versi-

117 4763 190 4832 culi
209 4762 264 4829 illi
288 4762 325 4826 in
342 4755 472 4827 Codice
489 4753 671 4835 Theocriti
691 4757 729 4823 in
749 4754 935 4845 postremis
952 4755 1108 4844 pagellis,

117 4864 321 4934 dulcissima
338 4858 619 4950 estsimplicitas.
641 4852 757 4928 πολλὰ
774 4850 1001 4953 ydpnoecda‘
1016 4851 1108 4942 '5⁰60'
1364 4878 1367 4882 “
1425 4906 1588 4983 Gamo,
1615 4923 1646 4983 ,1
1668 4908 1867 4986 Romana,

113 5032 344 5052 m

153 5138 355 5213 ⁹)Spalatinus
375 5147 543 5199 concesserat
558 5133 762 5188 matrimonium
775 5131 888 5186 alicuine
906 5148 970 5184 cum
991 5149 1109 5186 noverca
1211 5055 1345 5150 Apmhs
1361 5063 1415 5131 dm
1432 5063 1493 5137 Μ’
1509 5077 1650 5154 captum
1673 5063 1803 5150 flmm’
1827 5081 1861 5137 el
1876 5064 2077 5146 Alexander
2092 5079 2148 5148 Vl‘

116 5238 121 5245 ·
190 5210 281 5263 uxoris
297 5227 361 5262 suae
375 5202 535 5276 deiunctae,
552 5222 605 5275 qua
627 5221 657 5255 re
680 5213 771 5270 postea
784 5198 939 5271 gravissime
953 5201 1110 5252 turbabatur
1162 5162 1266 5232 estad
1283 5160 1488 5232 Granicum·

189 5279 300 5342 animo,
318 5279 369 5346 ita,
388 5285 417 5326 ut
431 5291 541 5355 moeror
555 5291 586 5355 ex
599 5291 628 5353 ea
643 5289 674 5324 re
688 5279 765 5350 ortua
780 5269 929 5337 plurimum
943 5265 1039 5347 iecisse
1052 5285 1131 5388 pst-⁵
1212 5263 1301 5333 Mali
1320 5259 1396 5330 Cal.
1417 5265 1474 5335 12·
1487 5265 1624 5335 Naialls
1636 5265 1773 5338 Romae
1790 5269 1850 5337 dle
1863 5268 1927 5344 20.
1944 5268 2059 5363 April·

189 5343 640 5485 iiiiiipih.¹¹i‹l¹sriilall..iiiiii
654 5336 936 5474 aliliuiililimn
956 5345 1037 5398 βψω
1077 5353 1110 5389 u·
1190 5359 1322 5458 *huno
1350 5358 1463 5437 1453.
1488 5366 1544 5435 die
1573 5365 1641 5453 28.
1656 5366 1749 5438 Maii
1777 5382 1876 5462 capta
1897 5370 2152 5450 Constantino·
2257 5419 2291 5474 χ

156 5497 203 5570 ¹⁸⁶)
223 5499 294 5556 Cod.
309 5495 392 5550 Goth.
407 5495 485 5548 vodis
498 5494 634 5560 goudium
648 5492 737 5559 inquit
751 5491 914 5543 immriete.
1165 5466 1268 5556 polis.

120 5579 300 5646 Mentora.
317 5576 423 5641 Oua.
438 5572 521 5638 Van.
536 5572 579 5635 V.
1301 5565 1349 5635 31
