4882 6426
767 336 1208 424 uetstonalttttu

1039 527 1073 589 7.
1087 521 1160 588 Oa.

1019 613 1190 639 *om

191 332 269 409 497

189 504 391 631 QZ

473 664 618 752 loocb.
649 664 907 759 Camerario.

146 856 153 865 .
266 805 290 865 Β
310 807 354 862 ist.
372 806 406 861 sd
420 805 557 864 Gamerae.
575 828 604 879 p.
625 808 685 864 532.
704 809 758 877 (etl.
773 811 1131 884 caesenatenses>
1154 844 1190 858 -

290 827 400 930 ltetuttt
413 875 502 928 editor
516 877 586 932 banc
599 877 740 949 epistolam
756 883 790 932 sd
805 898 908 934 annum
925 881 1000 936 1545.
1029 881 1125 950 Quum
1139 903 1188 937 su·

293 953 350 999 tem
365 943 433 1000 Met.
444 945 470 999 7.
485 944 549 1003 Oct.
568 946 645 1002 1515.
660 965 716 1000 non
731 946 917 1019 Witebergse
934 951 981 1003 sed
993 969 1056 1004 cum
1071 951 1190 1006 liuthero

296 1013 478 1067 Mandeltlire
491 1013 590 1089 luerit,
607 1017 640 1070 ad
657 1014 730 1072 bunc
742 1015 850 1073 videtur
863 1015 977 1089 epistola
990 1019 1125 1090 pertinere
1139 1039 1190 1073 sn-

295 1100 374 1137 num·

193 1196 356 1279 Clarias.
391 1200 469 1273 viro
505 1196 708 1273 eruditione
745 1210 778 1272 et
812 1199 942 1274 virtute
979 1204 1194 1304 praestanti

219 1297 375 1379 Ioacls.
390 1291 457 1376 Ca
467 1328 514 1373 m.
529 1296 624 1378 Pab.
641 1303 760 1374 amico
775 1312 807 1376 et
813 1303 944 1405 fratri
955 1330 1023 1378 sao
1038 1306 1168 1385 cariss.

194 1422 241 1514 S.
266 1440 312 1517 D.
370 1439 546 1511 Mediocri
580 1440 700 1511 studio
726 1435 899 1514 Paeonas
916 1437 971 1540 ⁸),
987 1447 1190 1538 complexus

195 1568 275 1619 sum
289 1545 404 1613 donec
426 1544 547 1612 iuvare
567 1543 740 1613 discentes
759 1547 958 1635 potuimus,
984 1563 1017 1618 et
1034 1549 1190 1619 arbitror

195 1647 234 1717 in
251 1643 444 1716 Paeoniam
465 1644 636 1713 salutares
658 1644 794 1714 rivulos
813 1648 995 1718 doctrinae
1015 1645 1098 1718 binc
1113 1676 1190 1719 ma-

195 1769 310 1822 nasse.
368 1744 473 1815 Nunc
495 1745 562 1815 tibi
590 1740 655 1814 bos
676 1749 766 1815 duos
788 1746 948 1819 Paeonas
969 1754 1190 1836 commendo,

195 1849 262 1944 qui
285 1871 365 1918 cum
389 1845 549 1916 discendi
574 1870 695 1916 causa
718 1847 757 1916 in
772 1846 1004 1920 Germaniam
1018 1854 1190 1937 venerint,

195 1950 304 2025 etiarn
327 1972 384 2017 me
407 1941 590 2028 hortante,
624 1948 663 2017 in
685 1964 800 2020 vestra
821 1947 1012 2022 Academia
1032 1955 1188 2022 mansori

193 2058 317 2125 sont.'
344 2048 455 2118 Vetus
479 2062 530 2119 est
554 2072 647 2133 mos,
673 2062 708 2118 et
723 2048 898 2135 Graecus,
921 2066 962 2123 ut
985 2049 1190 2145 hospitasse

193 2155 241 2225 nd
264 2151 419 2243 aliquem
443 2149 543 2243 quasi
563 2168 754 2240 patronum
776 2150 815 2220 in
833 2177 875 2222 eo
890 2154 988 2239 loco,
1012 2156 1077 2224 ubi
1094 2181 1190 2225 com-

197 2254 448 2336 morabantur,
473 2251 724 2339 adiungerent,
755 2252 804 2323 ita
830 2268 864 2324 te
889 2255 958 2325 sibi
977 2251 1190 2352 προστάτην

196 2355 402 2444 contingere
420 2353 479 2422 isti
495 2364 640 2442 optant,
665 2366 699 2422 et
716 2354 854 2425 aditum
873 2358 918 2425 ad
935 2371 969 2427 tc
983 2359 1071 2427 meis
1094 2361 1190 2429 litte·

197 2458 250 2528 ris
265 2456 334 2525 sibi
349 2454 504 2547 patefieri
523 2454 724 2527 voluerunt.
774 2453 849 2526 Nec
864 2458 1007 2544 dubito,
1029 2461 1117 2554 quin
1130 2484 1190 2530 eos

195 2571 359 2630 amanter
378 2556 626 2647 complecturos
645 2554 710 2640 sis,
745 2580 826 2626 cum
850 2571 887 2629 et
913 2575 1039 2631 natura
1064 2578 1122 2631 tua
1146 2562 1190 2631 sit

199 2659 373 2741 aneta,
405 2670 441 2731 et
463 2655 627 2746 inprimis
638 2655 914 2746 ingeniosorum
934 2663 1050 2732 studia
1072 2663 1190 2733 liben-

199 2759 422 2837 teradiuses.
471 2755 675 2829 Benevole.
726 2756 841 2828 Nonis
853 2762 1020 2836 octobris.

741 2868 746 2875 '
761 2856 951 2954 Philippus
965 2863 1142 2973 Melanth.

200 3051 282 3064 ,α’

202 3175 268 3251 No.
284 3122 397 3253 5048.

208 3273 379 3304 “0⁴

1071 3196 1104 3255 7.
1121 3190 1192 3256 Oct.

1066 3284 1193 3310 M

202 3392 211 3443 f
390 3343 592 3459 Cruciger
621 3346 683 3432 od
724 3349 1003 3441 tuendorum.

224 3526 227 3531 -
246 3518 249 3527 ·
272 3488 352 3545 Edita
368 3487 396 3541 in
410 3484 526 3540 Peuceri
537 3497 616 3542 tract.
631 3487 725 3544 histor.
736 3508 764 3562 p.
776 3489 820 3546 73.
833 3503 860 3548 et
875 3493 904 3547 in
917 3492 1128 3549 Ambuwolfil
1142 3493 1194 3550 lli·

305 3557 391 3612 storie
405 3557 453 3610 der
466 3556 569 3629 Augsb.
583 3556 707 3613 confess.
719 3562 749 3631 pl
762 3560 822 3616 579.

200 3673 334 3780 ·Casp.
360 3675 582 3773 Cracigeras
608 3673 664 3749 ad
687 3675 734 3758 V
737 3680 850 3752 isam
872 3677 1179 3763 Theodoram.

202 3795 346 3888 'Adhuc
367 3816 509 3908 quidem
523 3811 592 3884 Dei
616 3814 785 3884 beneficio
801 3812 893 3885 nihil
908 3814 1194 3916 φορτικώτερον,

202 3914 242 3988 id
257 3931 307 3987 est
316 3966 327 4002 ,
355 3917 497 4008 gravius
512 3940 575 3986 seu
590 3916 715 3986 durius
730 3917 858 3988 incidit
872 3919 911 3987 in
926 3945 985 4005 eo,
1010 3929 1106 4015 quod
1121 3949 1197 3993 me-

202 4028 356 4091 tuamus.
408 4018 537 4087 Noster
556 4017 652 4086 enim
670 4018 803 4089 interea
818 4019 955 4093 nullam
971 4024 1198 4113 significatio-

202 4142 285 4191 nem
300 4120 413 4189 edidit
432 4119 582 4188 alicuius
598 4119 807 4189 offensionis
829 4143 910 4212 erga
927 4145 1010 4206 nos,
1035 4127 1098 4195 etsi
1116 4141 1197 4197 ante

205 4246 247 4293 ex
267 4222 378 4314 ipsius
391 4220 626 4290 ‘sermonibus
649 4221 867 4292 intellectum
894 4236 961 4304 est,
980 4249 1061 4292 eum
1082 4231 1195 4298 nescio

207 4324 337 4418 quibus
363 4325 400 4391 in
417 4320 678 4414 suspicionibus
696 4324 814 4394 luisse.
867 4320 916 4392 Et
930 4323 1071 4394 libellus
1087 4329 1199 4399 editus

205 4425 319 4511 multo
345 4419 459 4493 adbuc
482 4420 697 4491 moderatius
721 4427 871 4514 scriptus
894 4439 944 4494 est
962 4451 1066 4518 quam
1082 4410 1217 4516 spera-⁸

208 4522 373 4618 batur¹)‚
404 4526 467 4594 etsi
493 4550 567 4592 non
589 4525 738 4593 dubium
762 4540 832 4607 est,
867 4550 908 4594 eo
932 4550 1073 4619 quoque
1095 4552 1202 4620 quos-

208 4631 292 4715 dam
312 4627 466 4696 ollensos
487 4649 560 4694 esse
584 4639 728 4716 propter
744 4629 916 4719 quaedam
932 4631 1107 4717 asperiora
1124 4654 1204 4698 ver-

209 4732 272 4815 ba,
301 4729 451 4798 utillud
479 4741 545 4809 est,
579 4730 673 4820 quod
700 4729 956 4817 propemodum
979 4731 1056 4797 sine
1078 4731 1203 4799 discri-

208 4830 311 4916 'miue
332 4830 482 4899 Satanae
508 4828 630 4918 plenos
659 4824 721 4898 καὶ
746 4823 1102 4920 εἶνδιαβολισθένιες
1125 4827 1205 4927 (cita

211 4929 371 5026 getettfe'lt)
387 4955 449 4999 suo
465 4928 578 5013 uerbo¹
591 4942 710 5013 vocat,
725 4931 784 5021 qui
801 4932 1018 5000 contrarium
1036 4934 1204 5007 sentiunt.

210 5029 260 5105 Et
285 5037 367 5103 s'ane
390 5031 620 5101 metuendum
645 5044 713 5112 cst,
740 5054 784 5098 ne
811 5053 850 5099 ex
877 5026 934 5100 his
958 5033 1070 5103 initiis
1088 5059 1207 5105 recru-

214 5206 414 5220 ..ο-ΔΜ

248 5288 278 5354 *)
297 5290 437 5358 Magnos.
473 5285 504 5340 C
519 5283 577 5338 W.

252 5380 278 5438 1)
295 5374 402 5432 moreto
417 5372 522 5434 tutores
536 5370 796 5436 tortesfflcteootots
811 5366 869 5425 ιἰιιι
882 5371 942 5430 tot.
961 5371 1119 5429 &straneas
1132 5371 1209 5428 totta

282 5436 508 5582 ἰίιὶῖῧιᾰςὲιιῗιιιιπ.
525 5440 619 5545 1511115.
637 5440 711 5492 tots.
728 5440 754 5491 4.
773 5438 840 5504 (sid.
853 5456 918 5539 opp.
934 5439 1014 5494 Lutb.
1031 5440 1090 5494 llal.
1105 5439 1136 5495 T.
1150 5441 1209 5496 XX.

197 5656 200 5663 ,
218 5586 517 5656 11ιιιιιτιι.οιιι.
545 5585 628 5649 Vos.
642 5584 685 5651 V.

1266 349 1374 427 blll.
1409 351 1473 477 lli.
1528 353 1660 433 1544.
2159 361 2237 440 495

1245 522 1385 592 descant
1408 527 1599 598 certamina
1620 529 1733 601 multo
1756 533 1954 606 crudeliora
1977 535 2176 628 praeteritis
2199 551 2235 608 et

1244 624 1396 694 exitialia
1422 624 1620 707 Ecclesiae,
1647 644 1686 703 ut
1709 657 1811 724 saepe
1835 635 1972 721 amicus
1993 652 2115 709 noster
2138 630 2234 706 Pht.

1244 719 1368 820 lippos
1383 728 1582 848 lacrymans
1596 731 1790 820 ingeminat
1806 725 1913 805 illud:
1940 733 2045 809 οὔπω
2059 733 2155 811 iada
2171 733 2234 811 τό·

1243 820 1285 897 tls
1309 822 1352 897 cd
1372 853 1501 904 κακον.
1552 831 1671 920 Quam
1699 833 1802 905 multi
1824 830 1880 906 his
1902 840 2118 930 temporibus
2141 840 2234 931 rapti

1243 929 1286 996 ad
1314 952 1433 997 necem
1456 945 1490 1001 et
1510 933 1733 1004 acerbissime
1759 938 1947 1008 excruciati
1968 955 2070 1026 sunt,
2102 941 2234 1034 quibus

1244 1029 1341 1097 nulla
1366 1030 1434 1099 alio
1464 1055 1566 1103 causa
1596 1029 1688 1104 hanc
1718 1038 1957 1110 necessitatem
1990 1042 2233 1132 profundendi

1243 1131 1423 1218 satagatinis
1445 1133 1633 1224 imposuit,
1667 1136 1735 1206 uisi
1755 1140 1851 1232 qttod
1874 1140 1936 1211 illa
1957 1143 2126 1234 papistica
2149 1137 2233 1237 aspi

1243 1227 1477 1323 εὐχαριστίας
1490 1238 1685 1326 approbare
1700 1239 1911 1326 noluerunt,
1937 1255 2057 1314 umen
2075 1244 2234 1336 oppressi

1243 1334 1430 1402 autoritate
1445 1337 1601 1406 nominis
1616 1351 1649 1407 et
1666 1343 1858 1413 sententiae
1872 1347 1940 1415 τοῦ
1954 1337 2160 1439 ἡμηέρουῖ
2184 1340 2234 1415 llit

1242 1459 1348 1526 qnam
1370 1435 1565 1506 multorum
1589 1440 1771 1510 inanimis
1794 1437 1940 1514 haerent
1954 1445 2120 1530 ιιιΙιιειιι,
2142 1469 2234 1540 quae

1242 1535 1312 1603 nisi
1328 1560 1381 1605 res
1397 1561 1479 1607 vere
1493 1539 1704 1629 explicetur,
1729 1564 1803 1612 non
1818 1547 2013 1616 sanantur?
2061 1545 2234 1620 Nostrum

1243 1638 1386 1729 quidem
1405 1663 1548 1729 prorsus
1563 1641 1723 1711 existimo
1738 1646 1960 1717 commodius
1975 1647 2116 1728 sentire,
2126 1671 2234 1741 quam

1242 1738 1421 1807 interdum
1440 1741 1597 1833 loquitur
1611 1767 1691 1813 cum
1706 1744 1915 1817 effervescit.
1949 1746 2019 1818 Sed
2036 1743 2103 1819 hoc
2119 1749 2236 1839 ipsum

1243 1853 1417 1931 quantum
1446 1841 1665 1915 incommodi
1687 1844 1764 1915 esti
1815 1844 1935 1935 Quare
1957 1848 2073 1921 Deum
2096 1862 2236 1944 patrem

1243 1941 1382 2009 domini
1401 1943 1513 2013 nostri
1535 1941 1562 2013 l.
1576 1942 1617 2018 C.
1633 1968 1792 2031 oremus,
1816 1960 1856 2018 ut
1874 1948 1950 2040 ipse
1965 1949 2136 2021 misertus
2150 1972 2236 2020 suae

1242 2039 1421 2111 Ecclesiae
1442 2058 1541 2114 sanet
1562 2042 1626 2116 has
1649 2047 1865 2118 offensiones
1887 2063 1924 2121 et
1937 2051 2040 2122 tollat
2057 2050 2237 2135 scaudala,

1243 2166 1283 2212 ac
1298 2146 1489 2234 coniungat
1503 2147 1640 2218 animos
1658 2150 1697 2218 in
1716 2150 1935 2222 confessione
1950 2175 2058 2242 purae
2074 2164 2108 2222 et
2121 2152 2237 2223 tinea

1243 2267 1303 2312 rae
1325 2246 1527 2331 doctrinae,
1561 2248 1652 2320 sicut
1671 2263 1834 2342 precatus
1859 2266 1912 2323 est
1929 2250 2092 2323 Pontifex
2114 2266 2237 2324 noster

1242 2345 1337 2414 filius
1358 2346 1443 2416 Dei:
1479 2347 1666 2420 sanctifica
1693 2372 1753 2420 eos
1771 2351 1810 2420 in
1833 2352 1981 2423 veritate
2003 2365 2076 2429 tua.
2128 2350 2236 2423 ltetn:

1243 2460 1282 2515 ut
1297 2448 1369 2518 sint
1383 2450 1587 2523 sanctificati
1603 2451 1641 2524 in
1655 2475 1768 2525 unum
1783 2467 1848 2530 etc.
1880 2450 2083 2530 benevale.
2109 2447 2238 2529 noa.
2278 2523 2286 2533 ,.

1243 2543 1352 2619 Anno
1374 2547 1485 2628 1544.
2084 2551 2089 2556 Δ

1244 2727 2233 2758 mm

1244 2800 1439 2914 Nosols.
1872 2848 2214 2934 10.0a.(Ltpaa>

1251 2930 1425 2963 Μ
1542 2952 1548 2961 1
1829 2949 2239 2987 Μ

1594 2999 1657 3101 1⁴⁷,
1676 3000 1888 3111 Mycona.

1315 3136 1338 3207 †
1357 3135 1393 3190 llr
1405 3140 1572 3212 autographo
1587 3141 1615 3196 in
1630 3143 1753 3200 codd&
1769 3143 1890 3204 Gotltan.

1246 3252 1472 3333 Clarissimo
1512 3264 1590 3335 viro
1628 3263 1851 3352 eruditione,
1880 3269 2015 3369 pietate
2048 3277 2080 3340 et
2111 3266 2242 3340 virtuts

1244 3363 1473 3458 praestanti,
1514 3362 1682 3439 Domino
1715 3363 1761 3440 F
1763 3367 1969 3442 riderico
1997 3366 2243 3466 Myronis,

1247 3457 1401 3535 Pastori
1417 3464 1605 3539 Ecclesiae
1619 3465 1854 3556 Gallicanae,
1879 3472 1999 3545 amico
2021 3497 2089 3544 sao
2112 3470 2243 3545 cariss.

1247 3576 1292 3666 S·
1319 3598 1364 3674 D.
1416 3601 1523 3695 Quod
1542 3620 1620 3677 orat
1635 3605 1806 3678 filiusDei
1822 3609 1990 3680 dominus
2007 3620 2127 3678 noster
2145 3604 2243 3676 Iesus

1248 3697 1429 3772 Christus:
1464 3719 1563 3795 pater
1586 3731 1686 3777 serva
1711 3734 1790 3795 eos,
1828 3724 1870 3781 ut
1892 3710 1965 3780 sint
1989 3731 2122 3791 unum,
2154 3707 2244 3776 sicut

1250 3827 1315 3872 nos
1329 3829 1440 3872 unttm
1456 3829 1589 3892 stemus,
1604 3808 1641 3876 id
1657 3823 1708 3880 est
1724 3811 1880 3901 primum
1895 3825 1934 3882 ut
1948 3810 2058 3880 simus
2074 3811 2139 3878 deo
2156 3830 2244 3876 con-

1250 3906 1380 3988 iuncti,
1407 3909 1536 3978 deinde
1552 3923 1591 3978 ut
1606 3910 1698 3980 iuter
1714 3935 1779 3981 nos
1794 3913 1986 3982 concordes
2000 3911 2122 3993 simus,
2148 3908 2244 3977 idern

1250 4030 1316 4076 nos
1333 4010 1455 4077 sedulo
1475 4023 1509 4079 et
1526 4011 1733 4081 ardentibus
1750 4014 1842 4083 votis
1856 4035 2016 4096 oremus,
2041 4023 2077 4080 et
2091 4009 2245 4103 quadam

1251 4110 1496 4178 moderatione
1511 4111 1643 4204 ubique
1664 4113 1844 4182 foveamus
1861 4129 2062 4183 tenerorum
2078 4110 2245 4180 eeclesia·

1252 4235 1331 4278 rum
1349 4213 1593 4295 concordiam,
1621 4217 1716 4304 quod
1736 4228 1770 4285 et
1785 4215 1906 4283 iecisse
1924 4227 1957 4283 te
1980 4236 2108 4301 magno
2123 4211 2244 4281 studio
2260 4278 2265 4285 ,

1251 4311 1342 4392 scio,
1370 4327 1403 4381 et
1425 4314 1653 4382 mediocriter
1678 4339 1734 4383 me
1754 4315 1875 4385 fecisse
1896 4339 1971 4385 non
1986 4314 2140 4403 ignoras.
2191 4307 2245 4380 Ac

1251 4413 1455 4505 ubicunque
1497 4438 1557 4482 ero
1601 4416 1880 4485 moderationem
1932 4438 2007 4484 non
2055 4416 2246 4504 deponam.

1253 4508 1484 4605 Aarsdorfius
1510 4515 1638 4586 taxavit
1663 4517 1700 4585 in
1716 4513 1923 4587 Coloniensi
1944 4515 2044 4586 libro
2065 4515 2183 4584 locum
2202 4513 2246 4579 dc

1255 4614 1366 4682 libero
1390 4617 1553 4702 arbitri03
1586 4631 1620 4686 et
1643 4611 1710 4687 boc
1737 4618 1873 4688 dictum
1895 4615 2045 4686 offendi:
2081 4613 2247 4704 spiritum

1254 4709 1411 4784 sanctum
1431 4719 1474 4784 do
1489 4718 1593 4787 dictis
1610 4731 1733 4788 contra
1748 4717 2010 4801 conscientiam.
2050 4713 2170 4784 Miror
2184 4735 2247 4783 cur

1257 4811 1323 4883 hoc
1347 4818 1478 4886 dictum
1504 4814 1756 4910 reprehendat3
1779 4843 1844 4888 nec
1865 4842 2013 4888 moveor
2033 4818 2108 4885 eius
2127 4837 2248 4907 repre-

1257 4911 1441 4986 bensione.
1509 4919 1708 5010 Suspiciose
1748 4921 1854 4991 etiam
1887 4921 2140 5008 interpretatur
2176 4915 2249 4997 illa,

1258 5040 1347 5109 qttoe
1363 5020 1406 5086 de
1423 5042 1528 5088 coena
1547 5022 1682 5089 domini
1699 5022 1792 5092 dicta
1809 5035 1902 5092 sont.
1938 5019 2008 5090 Sed
2024 5042 2069 5087 an
2089 5019 2135 5087 sit
2151 5017 2249 5099 utile,

1152 5206 1159 5215 ἱ
1259 5142 1401 5186 movere
1418 5114 1483 5184 bac
1505 5123 1549 5186 de.
1570 5146 1608 5189 re
1631 5146 1720 5189 nova
1736 5123 1945 5205 certamina,
1971 5133 2118 5189 eventus
2133 5116 2250 5187 decla-

1259 5219 1363 5290 rabit.
1419 5216 1496 5307 ligo
1519 5214 1686 5292 Luthero
1710 5218 1846 5318 distr),
1884 5246 1939 5291 me
1967 5245 2105 5314 semper
2127 5219 2251 5289 defen·

1260 5319 1353 5389 disse
1367 5317 1628 5414 synecdochen,
1654 5349 1733 5394 cum
1747 5325 1850 5417 panis
1867 5337 1902 5393 et
1916 5322 2042 5395 vinum
2065 5333 2251 5391 sumantur

1263 5461 1464 5470 -ι--ι-ο-

1297 5515 1324 5580 1)
1343 5511 1406 5567 Vid.
1422 5509 1531 5656 [oggeri
1545 5511 1657 5587 epistola
1669 5514 1705 5571 ad
1717 5504 1858 5572 emitas.
1878 5511 1963 5571 (1.18.
1979 5513 2042 5567 lun.
2058 5509 2133 5611 1544.
