4868 6420
193 357 273 435 ou
548 294 590 333 ⁸
771 349 1217 431 umsronanuu
1269 353 1373 432 mo.
1407 355 1473 437 ue
1527 352 1660 434 asts.
2170 355 2245 430 seo

199 547 336 619 motus,
364 530 408 600 iis
428 527 628 614 sententiis,
662 530 752 623 qirae
773 531 1084 622 proponebantur,
1110 553 1196 599 con·
1247 528 1310 598 tim
1326 525 1487 625 (cum)²)
1510 529 1549 601 in
1564 523 1636 602 hoc
1651 543 1859 622 argumento
1873 531 1918 600 ad
1933 529 2101 624 pietatem
2122 530 2241 600 utilis-

199 648 374 730 gruentes.
431 634 593 726 Eamque
621 633 666 700 ad
694 656 770 701 rem
796 644 956 701 veterum
976 634 1195 702 consuetudo
1246 632 1335 701 simo
1353 627 1584 719 adhibeatur,
1607 647 2006 724 utantur„magnopere
2023 656 2084 702 eos
2108 628 2242 702 adhor-

198 739 350 811 maxime
367 735 519 826 profuit,
544 733 606 826 qui
621 734 665 802 ad
682 747 842 818 cantum,
867 736 911 803 ad
926 735 1011 804 fides
1024 734 1196 822 adiunge-
1247 747 1314 807 tor.
1371 733 1473 823 Quae
1497 735 1594 805 enim
1618 733 1757 806 Musica
1787 735 1855 828 piis
1876 750 1912 805 et
1934 735 2038 805 bonis
2061 736 2244 805 mentibus

201 842 289 913 bant
305 839 431 916 verba,
457 849 499 905 ut
518 836 626 905 simul
641 837 883 924 perferrentur
903 837 948 905 ad
968 859 1070 905 aures
1092 848 1196 928 atque
1248 835 1438 906 iucundior
1451 861 1524 908 esse
1538 851 1672 930 potest,
1693 861 1799 932 quam
1816 861 1905 931 quae
1921 861 1996 908 non
2009 837 2119 908 modo
2141 860 2245 907 aures

201 944 340 1015 animos
372 934 560 1009 hominum
586 938 781 1007 sententiae
809 937 906 1006 sonis
934 938 1195 1008 convenientes.
1247 939 1441 1024 demulcet,
1480 942 1541 1008 sed
1575 939 1683 1009 simul
1716 940 1866 1030 pectoris
1897 941 2022 1025 libras,
2070 953 2243 1032 tanquam

201 1045 298 1117 Haec
312 1039 500 1112 hannonia
516 1041 583 1109 ciet
596 1041 758 1109 ardentes
772 1054 889 1109 motus
912 1041 1105 1112 inanimis.
1147 1038 1197 1110 Ut
1247 1034 1415 1125 chordas,
1439 1042 1552 1132 tangit
1574 1044 1757 1131 et'modus
1781 1041 1851 1111 ciet
1875 1042 2019 1111 divinos
2040 1043 2082 1110 in
2103 1041 2245 1124 animis,

201 1149 311 1240 igitur
327 1136 696 1224 eeteraChristidicta,
722 1142 824 1226 facta,
852 1155 913 1211 aut
927 1142 1097 1210 beneficia
1113 1166 1197 1211 can·
1247 1166 1287 1210 ac
1311 1156 1445 1211 mentes
1468 1147 1510 1212 ad
1531 1142 1748 1233 agnitionem
1765 1140 1833 1212 Dei
1856 1144 1972 1234 rapit?
2020 1142 2245 1236 Hirpraeci-

202 1266 243 1322 tu
274 1248 450 1318 celebrare
480 1245 645 1333 prodest,
679 1243 730 1311 ita
760 1244 910 1312 maxime
935 1246 978 1312 ad
1011 1239 1196 1313 historiam
1247 1267 1339 1333 puus
1354 1244 1457 1314 initio
1473 1246 1540 1314 fuit
1555 1243 1713 1314 Musicae
1727 1269 1824 1319 rasus.
1848 1240 1906 1314 Ad
1923 1241 2019 1316 hunc
2035 1247 2146 1314 linem
2163 1270 2243 1314 cum

202 1350 329 1422 mortis
352 1347 428 1416 eius
449 1340 652 1414 adhibenda
675 1359 726 1413 est
743 1342 891 1418 Musica.
944 1344 1101 1414 Maxime
1119 1346 1196 1413 lau·
1248 1345 1419 1415 divinitus
1436 1348 1564 1417 tradita
1576 1347 1640 1431 sit,
1665 1360 1717 1417 est
1734 1348 1813 1438 piae
1828 1348 1976 1431 mentis,
1993 1349 2151 1417 libenter
2170 1371 2244 1416 eam

203 1456 309 1526 datur
331 1451 369 1517 in
387 1444 543 1517 Ecclesia
565 1447 730 1535 cogitatio
755 1448 799 1515 de
824 1460 938 1516 morte
954 1443 1105 1517 Christi:
1133 1472 1197 1515 nec
1249 1442 1315 1515 hoc
1337 1451 1444 1517 modo
1467 1450 1673 1533 transferre,
1699 1461 1740 1518 ut
1762 1461 1930 1519 cantuum
1955 1445 2169 1519 harmoniae
2191 1473 2244 1517 re-

203 1576 288 1626 vero
308 1551 433 1622 utilius
449 1549 643 1643 quidquam
660 1562 711 1617 est
726 1549 769 1617 ad
787 1550 1005 1617 excitandam
1020 1550 1197 1641 pietatem,
1248 1551 1419 1639 spondeat
1440 1551 1502 1620 illa
1518 1551 1600 1621 viva
1623 1552 1662 1619 in
1685 1550 1813 1619 animis
1832 1546 2018 1621 harmonia
2044 1566 2082 1621 et
2102 1552 2246 1642 piorum

204 1679 312 1753 quam
342 1654 439 1721 illius
470 1651 672 1721 admirandi
701 1650 818 1739 operis
847 1652 1094 1724 consideratio.
1152 1648 1195 1718 In
1248 1652 1447 1721 adfectuum
1480 1653 1711 1727 concinnitas.
1781 1650 1879 1723 Bene
1909 1654 2004 1739 vale,
2040 1649 2248 1725 Christiane

204 1755 272 1830 hac
304 1755 457 1843 imagine
481 1753 659 1821 cernimus
684 1752 861 1820 infinitam
892 1776 965 1820 esse
994 1753 1197 1821 misericor·
1248 1754 1367 1825 lector.

204 1861 302 1932 diam
315 1856 383 1927 Dei
406 1877 487 1942 erga
511 1878 594 1933 nos,
622 1855 775 1944 eoquod
799 1853 911 1922 filium
929 1879 993 1944 pro
1017 1856 1121 1923 nohis
1141 1855 1196 1923 vi·

204 1963 348 2034 etimam
364 1958 440 2026 fieri
456 1956 581 2027 voluit.
632 1954 799 2024 Testatur
815 1968 851 2023 et
867 1955 977 2040 illud,
1004 1981 1085 2026 vere
1104 1981 1139 2024 se
1164 1969 1197 2023 et
1256 1995 2237 2010 ...-........,..„..‚....-......„„-„........-.-

204 2060 428 2136 horribiliter
450 2057 553 2126 irasci
579 2071 737 2146 peceato,
763 2082 841 2126 eum
865 2082 939 2126 non
961 2057 1028 2126 alia
1044 2058 1198 2140 victima,

205 2190 280 2237 uon
303 2162 382 2232 aliis
405 2160 530 2230 officiis
554 2158 686 2248 placari
709 2158 883 2242 voluerit,
910 2159 1198 2231 uisihliimorte.
1249 2150 1445 2241 Nosala.
1712 2152 1714 2157 ’
2082 2161 2247 2222 bocenno.

205 2268 330 2359 ltaque
359 2264 404 2333 ad
433 2261 671 2347 castigandam
704 2260 925 2330 securitatem
952 2261 991 2328 in
1018 2263 1198 2331 mentibus
1259 2250 1429 2279 Μ
2070 2251 2246 2281 “⁸''

202 2367 393 2443 homiuum
409 2359 495 2432 haec
512 2363 586 2452 ipsa
602 2356 750 2430 historia
766 2362 1003 2431 efficacissima
1020 2376 1081 2432 est.
1125 2361 1199 2432 Cu·
1596 2337 1896 2449 (Inscriptio)

205 2474 262 2544 itlss
278 2481 331 2539 esi
343 2465 436 2535 enim
453 2478 522 2532 [am
537 2464 671 2530 ferreus
683 2461 839 2546 animus,
860 2477 900 2533 ut
916 2488 989 2532 ”⁰¹¹
1005 2477 1199 2547 mm'eamrs
1318 2497 1411 2551 Bibliis
1424 2497 1533 2552 bulberi
1546 2499 1709 2570 germanicis
1726 2499 1815 2566 (batth
1827 2502 1904 2564 butt!
1919 2501 1985 2568 falfi
1993 2539 2002 2566 ,
2023 2500 2158 2556 sbtttent.
2175 2499 2248 2551 1541.

205 2575 237 2645 si
251 2572 371 2640 videat
390 2580 462 2636 tam
482 2560 678 2633 horrendas
703 2586 832 2654 poenas
847 2565 936 2633 solvi
956 2590 1020 2655 pro
1038 2581 1198 2657 peccam
1349 2566 1421 2634 tot),
1439 2585 1507 2637 quae
1522 2578 1584 2623 sunt
1603 2567 1632 2619 iu
1647 2568 1810 2622 bibliotheca
1820 2567 1966 2621 venustae.
1983 2569 2133 2637 iuscripta,
2154 2568 2249 2621 editu

204 2672 377 2761 ‘icogitet
418 2666 533 2737 Deum
550 2667 637 2735 adeo
652 2666 806 2735 execrari
821 2680 1001 2758 peccatum
1046 2668 1199 2737 utnulla
1353 2634 1667 2717 Clarissscboenborn,
1689 2635 2031 2719 (loaouiGuilAEischefo
2048 2637 2094 2688 die
2118 2636 2249 2716 abtauit

385 2723 395 2754 a
1011 2722 1020 2750 s
1351 2722 1416 2756 auru
1433 2706 1507 2757 1838.
1521 2724 1680 2759 memorum
1696 2724 1816 2758 muneras
1831 2705 2005 2759 scelestarum
2020 2716 2085 2757 ante
2099 2704 2152 2758 hos
2168 2723 2248 2775 quan-

205 2776 365 2855 victima,
395 2767 467 2859 uisi
487 2768 658 2856 sanguine
686 2767 751 2836 filii
773 2769 995 2838 reconciliari
1021 2769 1200 2860 potuerit?
1350 2775 1480 2896 gagieta
1499 2792 1585 2826 annos
1604 2774 1737 2856 suseepti,
1763 2772 1807 2842 pie
1826 2774 1973 2829 cetetranu
1987 2802 2020 2814 -
2035 2773 2196 2844 gratulatur
2217 2775 2251 2828 u.

204 2877 344 2953 Deinde
368 2869 648 2940 innumerabiles
667 2869 838 2939 utilitates
859 2871 947 2939 alias
966 2873 1080 2940 adfert
1101 2871 1199 2960 cogi·
1391 2862 1414 2900 Γ·
1428 2841 1618 2898 ⁶⁶¹¹⁰⁸¹¹b⁰f¹¹·
1633 2843 1742 2897 V¹²¹¹⁸¹·
1761 2843 1986 2916 1838·4·Ρ·7·)·

206 2980 293 3055 tatio
322 2972 430 3044 huius
457 2967 640 3042 historiae.
700 2969 799 3058 Quid
827 2973 938 3060 magis
961 2973 1135 3042 mirantur
1159 2997 1207 3046 ac
1616 3002 1642 3095 (
1645 2994 1771 3072 Imm·
1794 2997 1872 3090 15⁰)

205 3085 364 3155 fremunt
390 3075 551 3144 omnium
576 3068 763 3140 hominum
788 3072 906 3142 intimi
927 3097 1066 3160 sensus,
1092 3099 1200 3167 quam
1766 3025 1792 3099 Ρ

207 3184 272 3281 qni
291 3182 371 3263 frat,
396 3190 436 3245 ut
453 3170 539 3244 haec
563 3174 750 3243 imbecillis
765 3189 891 3245 natura
906 3171 1095 3246 hominum
1119 3191 1200 3246 tan·
1322 3152 1616 3277 .M⁸“¹¹.⁸⁸³¹⁷‘²‚
1949 3262 1956 3277 ι
2122 3266 2129 3279 .

150 3338 157 3347 -
206 3286 253 3361 tis
283 3278 539 3360 calamitatibus
565 3289 709 3345 onerata
735 3276 805 3346 sit?
860 3275 934 3346 Nec
956 3273 1199 3368 Philosophia,
1285 3261 1483 3332 H‘⁶²⁸‘fi¹⁸“⁸
1495 3264 1702 3316 mmmm
1721 3263 1926 3333 annecterent,
1944 3269 2167 3360 promanasse.

207 3411 253 3459 ne
274 3384 349 3454 ulla
373 3379 543 3469 sapientia
558 3378 720 3447 invenire
734 3400 892 3447 caussam
906 3392 1035 3468 potest:
1063 3403 1145 3448 casu
1166 3393 1200 3449 et
1250 3366 1404 3456 Utinam
1421 3388 1574 3477 cogitare
1591 3402 1726 3456 mentes
1740 3402 1882 3456 nostrae
1896 3401 2058 3477 possent,
2074 3405 2251 3481 quantum

208 3502 332 3563 contra
356 3482 519 3552 ordinem
543 3479 633 3549 ratio
655 3474 722 3547 hoc
743 3479 900 3547 accidere
926 3481 1069 3554 iudicat.
1129 3480 1200 3552 Sed
1252 3488 1320 3558 Dei
1343 3490 1553 3559 beneficium
1577 3489 1641 3574 sit,
1672 3478 1769 3582 quod
1795 3488 1909 3558 voluit
1931 3510 1967 3555 se
1984 3489 2091 3559 certis
2118 3507 2155 3561 et
2170 3494 2251 3563 illu.

208 3594 248 3664 in
268 3585 336 3658 hac
359 3583 512 3671 imagine
533 3577 669 3650 Christi
698 3581 930 3669 intelligimus
954 3606 1129 3662 caussam,
1163 3605 1201 3650 ac
1253 3592 1383 3662 stribus
1412 3590 1623 3661 testimoniis
1653 3593 1847 3680 patefacere
1876 3589 1994 3680 generi
2024 3586 2190 3664 humano
2218 3610 2250 3665 et

208 3692 371 3765 videmus
390 3708 464 3753 ¹¹0n
486 3699 633 3766 temere,
659 3706 734 3750 ¹¹⁰ss
754 3706 852 3762 ⁶³⁵⁰,
878 3706 988 3772 genus
1003 3678 1201 3755 humanum
1253 3695 1400 3764 reddere
1417 3693 1521 3762 nobis
1534 3692 1643 3762 vitam
1659 3706 1837 3762 aeternam
1847 3705 1991 3782 propter
2002 3692 2123 3762 lilium
2140 3720 2253 3780 suum,

210 3793 318 3868 taulis
343 3785 844 3858 ³⁰111m¹¹5⁸0b¹¹0¹ium0⁵⁵0·
895 3783 944 3854 El
968 3810 1048 3854 cum
1075 3787 1112 3853 5¹¹
1136 3781 1202 3853 hac
1253 3795 1449 3866 Dominum
1465 3808 1625 3864 nostrum
1643 3789 1934 3864 lesum-Christus
1962 3795 2174 3865 crucifixum
2190 3824 2252 3890 pro

208 3892 361 3973 historia
383 3887 612 3977 contemplati
637 3885 808 3954 fuerimus
831 3885 1008 3974 ingentem
1030 3888 1119 3956 iram
1135 3885 1203 3956 Dei
1255 3897 1359 3967 nobis
1374 3888 1408 3968 ei
1424 3897 1680 3969 resuscitatum,
1731 3892 1828 3965 Haec
1852 3887 1989 3987 eeneii)
2015 3898 2169 3985 cogitari
2192 3926 2253 3969 ne.

211 4000 380 4071 adversus
400 4002 599 4082 peccatum,
632 3987 908 4056 misericordiam
935 3986 1003 4057 Dei
1025 4013 1105 4078 erga
1128 4012 1204 4073 rios,
1255 4013 1427 4070 cessem,
1480 3995 1527 4067 Et
1542 3998 1582 4065 in
1600 3991 1665 4066 hac
1680 3997 1881 4085 cognitione
1906 3997 2019 4066 lucem
2037 4023 2163 4069 veram
2184 4005 2254 4095 spi.

211 4124 301 4197 quos
318 4093 404 4165 Filii
422 4103 536 4159 morte
555 4090 710 4180 placatus
726 4088 854 4157 liberat
867 4089 911 4157 ab
929 4091 1205 4174 aelernssmsslib
1234 4103 1327 4172 'ritu
1350 4114 1471 4170 saneto
1497 4099 1536 4167 in
1557 4099 1663 4167 nobis
1685 4095 1782 4166 Deus
1805 4098 1975 4171 a'ccendit.
2026 4096 2181 4174 Necesse
2206 4121 2255 4176 est

211 4217 289 4275 tum
313 4191 615 4267 considerabimus
637 4212 794 4263 caussam
820 4190 1055 4260 calamitatum
1077 4187 1206 4261 huma·
1255 4217 1372 4273 autem
1400 4198 1468 4271 hoe
1496 4201 1613 4291 ipsum
1637 4201 1786 4269 verbnm
1807 4200 1973 4285 retineri,
1997 4199 2038 4269 in
2063 4229 2138 4296 quo
2161 4205 2257 4277 Deus

213 4323 355 4383 narum·
406 4293 544 4364 Deinde
562 4290 854 4360 multaviriulum
874 4293 1032 4384 exempla
1047 4288 1105 4362 hic
1123 4318 1206 4383 pto·
1255 4329 1292 4374 se
1315 4304 1494 4396 patefecit,
1519 4315 1553 4372 et
1577 4302 1705 4395 inquo
1728 4301 1823 4370 lilius
1838 4299 1906 4370 Dei
1928 4302 2035 4371 nobis
2062 4309 2256 4379 conciona-

211 4413 416 4500 mnuntur’
441 4393 691 4489 quaerecstare
710 4393 934 4480 ¹⁰¹¹g¹¹m⁹⁵¹·
975 4392 1207 4485 Q¹¹³f⁰⁰P¹i·
1255 4420 1333 4486 tur,
1361 4407 1452 4477 sieut
1472 4399 1532 4476 hic
1555 4405 1682 4476 clamat
1703 4416 1866 4474 aeternus
1887 4415 2003 4494 Pater:
2045 4402 2172 4499 Ipsum
2195 4437 2259 4483 au-

213 4531 272 4578 mo
295 4499 445 4572 consilio
467 4498 506 4564 in
528 4494 671 4563 eeclesia
693 4494 893 4565 institutum
911 4509 978 4580 est,
1004 4511 1044 4567 ut
1060 4510 1094 4565 et
1110 4495 1206 4566 statis
1257 4510 1341 4583 dite·

213 4602 433 4698 temporibus
465 4598 600 4685 integra
629 4590 777 4665 historia
804 4596 947 4686 publice
983 4598 1136 4687 legatur,
1174 4611 1208 4667 et
1759 4600 2211 4705 PhilippusMelanthoo,

214 4711 301 4785 alias
326 4703 449 4779 erebro
473 4711 661 4789 repetatur.
714 4695 754 4764 ld
779 4699 978 4787 exemplum
1000 4699 1133 4768 imitari
1156 4699 1209 4788 pii
1884 4702 1995 4780 1645,

215 4829 340 4884 omnes
353 4805 393 4872 in
408 4798 608 4876 domesticis
628 4797 800 4867 exercitiis
815 4800 956 4871 debent.
1006 4797 1075 4869 Hic
1099 4800 1209 4888 igitur

215 4910 328 4990 edidit
358 4905 416 4975 vir
447 4902 602 4993 optimus
626 4890 810 4993 Georgius
835 4893 955 4968 Rhou
981 4898 1209 4985 Harmonias,

215 5010 349 5087 iudicio
373 5005 543 5088 delectas,
577 5014 618 5071 ut
648 5001 828 5071 interdum
849 5008 975 5070 'cantus
998 4998 1210 5073 adhibeatur
1292 4993 1320 5060 ²)
1338 5011 1403 5046 ‘¹¹⁶¹
1421 4992 1465 5049 ⁵¹⁰
1482 4991 1616 5049 “sidil-

216 5118 262 5193 ad
281 5108 484 5184 excitandos
505 5103 655 5184 animos.
706 5101 774 5173 His
793 5117 835 5174 ut
856 5103 1025 5195 studiosi,
1050 5128 1209 5197 praeser—
1291 5078 1321 5146 *l
1340 5080 1433 5135 recte?
