4868 6420
200 340 275 419 776
767 333 1201 414 EPISTOLARUM
1259 340 1368 425 LlB.
1400 346 1465 422 Ill.
1521 345 1655 427 1⁶45.
2165 350 2241 429 178

202 513 295 583 saria
315 525 385 597 est,
406 525 447 582 ut
468 514 649 583 communi
672 510 925 607 tranquillitati
949 511 1081 580 servire
1105 510 1221 601 veli-1
1245 519 1296 591 ita
1319 520 1454 593 emerit
1481 544 1580 593 suam
1610 523 1779 615 gloriam,
1816 534 1857 592 ut
1885 542 1967 591 reus
1989 530 2065 591 esse
2086 519 2240 596 voluerit

203 615 260 689 ¹5⁸·
312 613 421 704 QUOd
442 616 472 684 δῖ
492 617 606 686 facere
627 615 871 700 decreveritis,
896 626 938 684 ¹11
958 614 1112 698 debetis,
1137 635 1194 684 art
1245 633 1326 695 tuae
1347 638 1490 695 nostrae
1511 639 1546 696 et
1568 628 1729 697 omnium
1751 623 2001 717 turpitudinis,
2026 623 2173 715 perinde
2192 648 2235 697 ac

203 718 307 788 etiam
332 710 535 788 adhibenda
559 733 631 805 est,
655 743 701 787 ne
727 718 928 789 occasiones
953 716 1109 785 rixarum
1136 739 1194 785 ca·
1244 725 1276 794 si
1292 726 1365 818 ipse
1381 750 1456 797 sese
1470 730 1742 800 contaminasset
1754 722 1812 797 his
1824 727 1910 818 ipsis
1925 725 2092 816 flagitiis,
2107 726 2234 819 quibus

202 818 326 912 ptetis,
358 821 420 887 sed
442 822 594 913 quadam
620 822 795 914 aequitate
818 821 906 890 alter
928 817 1075 889 alterius
1100 819 1193 888 dicta
1244 822 1408 898 homines
1422 831 1573 900 maxime
1582 826 1629 927 18)
1644 832 1858 901 deformatos
1866 823 1915 924 ¹⁷)
1928 850 2002 898 sesa
2019 827 2238 917 intelligunt,

203 934 238 990 et
263 921 353 991 facta
378 922 467 990 boni
501 924 662 993 consulat
677 920 728 1019 ⁹).
793 921 886 991 Nam
909 920 940 989 si
968 920 1025 988 vel
1059 919 1194 988 calum·
1246 928 1341 1001 lacet
1367 929 1482 1001 Filius
1503 931 1571 1003 Dei
1591 947 1788 1025 prostratus
1810 955 1930 1002 coram
1955 943 2099 1000 aeterno
2122 927 2237 1017 Patre,

203 1024 323 1104 ῐὶῑθδθ,
365 1023 423 1091 Vel
459 1048 596 1095 summo
630 1026 707 1094 iure
741 1027 785 1094 de
819 1022 967 1114 Singulis
1001 1021 1105 1091 ditiis
1135 1035 1196 1091 aut
1245 1034 1377 1102 sudans
1393 1035 1602 1124 sanguinem
1623 1035 1842 1106 acderivans
1857 1035 1895 1103 in
1912 1055 1947 1101 se
1961 1033 2069 1117 iram,
2096 1033 2235 1115 fatetur,

205 1124 307 1194 lactis
330 1128 541 1196 contendere
566 1128 767 1218 coeperitis,
807 1125 967 1218 quotidie
988 1123 1076 1192 novi
1103 1122 1196 1192 inter
1244 1158 1281 1204 se
1304 1160 1404 1207 reum
1429 1160 1502 1207 ωε
1517 1152 1720 1208 nostrarum
1733 1135 2017 1228 turpitudinum,
2043 1148 2081 1204 et
2098 1134 2235 1207 videm,

203 1248 267 1295 ‘'08
288 1228 461 1296 tumultus
481 1225 775 1323 ²¹0rl¹⁰1¹11¹s¹⁰l
826 1226 946 1315 Quare
970 1248 1033 1293 V⁰⁸
1051 1238 1195 1317 ΡΐῡΡῑέΐ
1245 1237 1467 1331 inquinatior
1481 1241 1650 1311 omnibus
1664 1234 1887 1309 hominibus:
1903 1236 2038 1308 interea
2051 1261 2120 1307 nos
2137 1239 2233 1306 arde-

202 1325 335 1396 Filium
350 1325 438 1413 Del,
462 1327 660 1401 DOfflissum
680 1344 842 1399 nssstfflm
864 1328 979 1397 lesum
1001 1322 1194 1411 Christum,
1243 1365 1323 1409 mus
1345 1341 1537 1432 cupiditate
1550 1343 1699 1433 gloriae;
1724 1341 1934 1412 antecellere
1949 1339 2139 1420 volumus,
2162 1362 2234 1410 non

204 1440 239 1497 ⁰²
262 1442 406 1521 Implet
430 1428 608 1501 Ecclfflliffl
633 1446 668 1502 θῑ
689 1446 839 1501 vestram
869 1430 1018 1498 Saluleffl
1041 1450 1194 1513 Oramus,
1244 1443 1396 1528 virtute,
1423 1445 1485 1512 sed
1512 1446 1629 1515 stultis
1651 1444 1777 1536 populi
1800 1441 1959 1526 iudiciis;
1992 1440 2113 1511 videri
2135 1442 2234 1513 volu-

202 1543 243 1599 nt
259 1545 293 1600 et
305 1532 445 1601 silentio
462 1533 649 1603 dissidium
662 1548 818 1602 vestmm
841 1530 1016 1614 obruatis,
1043 1529 1203 1613 etdein-¹
1244 1567 1323 1612 mus
1345 1545 1465 1632 docti,
1486 1547 1589 1632 iusti,
1616 1560 1650 1616 et
1671 1546 1831 1616 semidei.
1880 1540 2127 1634 Agnoscamus
2148 1538 2235 1615 hanc

203 1655 283 1723 ceps
298 1633 629 1704 illel'lconcol'dldm
644 1634 887 1704 moderatione
902 1632 1104 1702 animorum
1119 1643 1194 1702 slu-
1244 1645 1453 1733 stultitiam,
1485 1662 1521 1719 et
1545 1671 1610 1718 1103
1635 1649 1883 1727 emendemus,
1910 1670 1949 1716 ae
1970 1640 2235 1741 abiiciamusn]

203 1735 327 1806 deatis.
389 1733 563 1806 Fortassis
583 1737 722 1829 aliquae
748 1757 923 1827 pugnaces
946 1747 1092 1803 naturae
1117 1734 1194 1823 glo-

202 1835 338 1904 riosum
354 1835 423 1905 sibi
439 1841 591 1923 ducunt,
607 1862 744 1929 semper
760 1838 853 1906 bella
870 1837 977 1920 ciere3
1004 1848 1041 1905 at
1054 1836 1194 1925 sapien-

201 1936 420 2006 tissimorum
445 1935 631 2010 bominum
655 1940 816 2009 doctrina
835 1939 873 2005 in
897 1936 1112 2028 reipublicae
1129 1960 1194 2026 gu-

200 2038 410 2108 bernatione
433 2063 571 2131 semper
588 2043 657 2113 fuit
682 2038 873 2124 hortatrix,
899 2053 940 2109 nt
954 2039 1046 2108 cives
1070 2062 1193 2107 omnes

201 2152 322 2209 ament
341 2153 374 2209 et
395 2139 544 2239 alant¹¹)
569 2143 669 2212 omni
691 2143 806 2212 officio
822 2140 1060 2213 concordiam.
1112 2139 1195 2230 Qua

202 2242 246 2309 de
263 2265 300 2309 re
314 2242 467 2333 plurima
477 2239 526 2340 ¹²)
543 2246 683 2316 recitari
706 2269 747 2314 ex
768 2243 868 2313 omni
882 2244 1092 2334 antiquitate
1109 2265 1194 2334 pos-

202 2355 291 2416 sent.
349 2343 419 2413 Sed
450 2370 515 2414 nos
538 2373 662 2416 vocem
684 2345 770 2416 Filii
793 2344 864 2415 Dei
893 2345 1097 2427 audiamus,
1131 2343 1193 2436 qui

202 2457 283 2513 ante
298 2466 447 2532 agonem
457 2470 560 2517 suum
576 2446 799 2539 etApostolis
817 2447 902 2538 ipsis
917 2446 1094 2537 praecepit
1107 2469 1193 2515 con-

202 2545 342 2614 cordiae
366 2548 544 2633 studium,
579 2564 613 2619 et
633 2575 652 2618 a
675 2548 781 2619 Patre
806 2564 949 2619 aeterno
977 2548 1121 2640 petivit,
1153 2560 1195 2616 ut

201 2660 336 2716 mentes
359 2651 564 2719 docentium
585 2664 709 2721 mutua
732 2650 979 2721 benevolentia
994 2660 1028 2718 et
1049 2661 1192 2718 aeterno

199 2747 341 2817 foedere
365 2752 524 2842 copulet,
552 2751 677 2838 Pater,
711 2753 897 2846 inquiens,
930 2773 1030 2821 serva
1051 2773 1129 2836 eos,
1154 2763 1195 2820 ut

200 2850 273 2918 sint
293 2875 423 2931 unum,
458 2855 550 2922 sicut
569 2878 635 2923 nos
656 2879 769 2925 unum
789 2877 922 2926 sumus.
982 2851 1194 2922 Moveamur

200 2962 236 3020 et
257 2966 442 3044 praecepto
469 2956 593 3024 divino
614 2958 717 3027 toties
741 2956 909 3046 repetito,
934 2968 968 3023 et
990 2955 1192 3044 precatione

200 3051 310 3122 effusa
347 3077 388 3122 ex
422 3058 668 3128 ardentissimo
704 3072 845 3148 pectore
876 3056 942 3124 lilii
976 3053 1055 3124 Dei.
1118 3054 1191 3124 Nec

199 3149 317 3247 ant²³)
343 3157 600 3243 aemulatione,
640 3156 760 3253 aut¹⁴)
791 3158 981 3249 cupiditate
1014 3156 1192 3225 vindictae

199 3256 337 3347 impelli
359 3280 425 3327 nos
445 3263 489 3329 ad
509 3262 722 3330 turbandam
746 3283 970 3329 communem
985 3258 1191 3352 tranquilli-

199 3371 306 3427 tatem
323 3359 498 3444 sinamus,
522 3362 594 3430 imo
620 3363 724 3432 etiam
747 3362 879 3431 iustum
895 3361 1054 3429 dolorem
1070 3360 1192 3428 vinca-

198 3483 294 3542 mus,
329 3474 363 3529 et
385 3461 489 3532 obliti
509 3462 721 3533 iniuriarum
745 3487 866 3556 pacem
888 3463 1068 3553 publicam
1092 3475 1192 3532 tuea-

199 3583 292 3633 mur.
344 3559 452 3649 Quod
475 3577 515 3633 ut
534 3589 597 3633 vos
619 3565 773 3648 faciatis,
798 3588 861 3632 vos
875 3583 1017 3656 quoque
1034 3564 1191 3654 exempla

199 3685 280 3729 cum
300 3676 478 3748 vetemm‚
506 3664 643 3751 lacobi,
669 3664 837 3744 Davidis,
863 3679 898 3734 ct
919 3666 1072 3734 aliorum
1097 3665 1192 3761 mul-

197 3777 317 3833 torum
334 3765 550 3854 optimomm
566 3768 744 3852 virorum,
770 3781 846 3837 tum
868 3790 951 3835 vero
975 3761 1082 3835 huius
1098 3780 1192 3834 aeta-

198 3865 244 3934 tis
264 3865 376 3935 multa
390 3861 592 3938 hortentur.
643 3868 760 3959 Quam
776 3868 888 3939 multa
903 3868 999 3936 enim
1016 3867 1191 3959 sapientes

197 3962 400 4058 Principes,
435 3970 598 4060 publicae
622 3972 717 4063 pacis
740 3993 862 4053 causa,
893 3994 990 4038 nunc
1015 3969 1191 4041 tolerant?

199 4091 352 4159 quorum
368 4093 437 4155 vos¹
447 4085 481 4140 et
500 4073 658 4141 dolorem
669 4068 714 4166 ¹³)
734 4073 975 4155 considerare,
1001 4084 1036 4141 et
1051 4071 1191 4141 animo-

197 4192 279 4238 rum
312 4172 593 4242 moderationem
614 4175 747 4244 imitari
770 4176 879 4246 decet.
939 4170 1038 4261 Quid
1061 4173 1189 4262 agitis?

198 4268 296 4359 Quid
320 4273 471 4341 alienius
494 4277 538 4343 ab
560 4271 737 4345 Ecclesiae
754 4273 969 4346 Doctoribus
992 4296 1065 4343 esse
1079 4277 1190 4363 decet,

198 4397 305 4465 quam
335 4374 448 4443 coecis
473 4376 655 4446 affectibus
677 4379 834 4462 animos,
869 4391 1037 4471 tanquam
1067 4379 1188 4448 navim

198 4475 311 4544 ventis
326 4477 553 4565 permittere?
604 4477 644 4548 si
665 4479 817 4570 impellit
834 4480 1002 4561 ambitio,
1028 4481 1190 4549 confera-

197 4599 276 4645 mus
297 4599 362 4645 nos
386 4579 429 4645 ad
452 4579 641 4669 imaginem
660 4578 744 4649 Filii
759 4578 838 4653 Dei.
890 4579 988 4670 Quid
1005 4580 1188 4671 indignius

197 4690 267 4757 est,
294 4702 400 4770 quam
421 4702 487 4749 nos
512 4696 644 4753 certare
666 4684 709 4752 de
728 4683 857 4774 gloria,
882 4707 964 4753 cum
984 4679 1099 4753 Filius
1119 4682 1187 4754 Dei

200 4883 399 4894 .......—.-—---

229 5015 257 5081 9)
269 5003 347 5066 ’(Σοό.
362 5010 443 5064 Goth.
458 5012 518 5067 168.
537 5015 699 5069 consulatis.

231 5098 275 5165 10)
293 5097 376 5168 bang.
395 5105 421 5148 et
439 5098 528 5152 Danz.
543 5097 689 5152 mendose:
706 5102 881 5154 exorientur.

235 5183 279 5246 11)
297 5179 406 5249 Schleg.
425 5192 450 5233 et
468 5179 556 5235 Dana.
576 5182 722 5236 mendose:
739 5188 844 5238 colant.

233 5266 276 5333 12)
295 5264 366 5318 (iod.
382 5262 464 5316 Gotb.
478 5264 535 5318 168.
554 5275 579 5317 et
598 5263 662 5317 cod.
675 5264 792 5336 Guelpb.
808 5269 906 5333 plura.

231 5350 274 5416 13)
291 5347 397 5417 Scbleg·
418 5356 444 5398 et
463 5346 552 5399 Dana.
571 5347 716 5401 mendose:
733 5357 843 5403 autem.

234 5439 274 5506 14)
294 5433 403 5502 Scbleg.
421 5432 566 5484 mendose:
586 5442 624 5487 et.

230 5525 274 5591 15)
293 5520 363 5576 coc.
376 5516 457 5572 Goth.
472 5518 531 5570 168.
544 5527 570 5571 et
583 5518 644 5573 cod.
658 5517 776 5594 Guelpb.
788 5525 911 5577 dolores.

1244 1747 1419 1841 nosipsi,
1454 1762 1488 1819 et
1512 1751 1633 1844 aequis
1657 1750 1787 1820 animis
1809 1760 2051 1838 contemptum
2072 1747 2233 1834 feramuq

1244 1851 1327 1942 quia
1341 1873 1379 1919 re
1394 1876 1478 1922 vera
1492 1876 1614 1923 snmus
1629 1854 1734 1941 longe
1753 1852 1907 1920 minores
1925 1863 2047 1919 nostra
2068 1851 2116 1918 de
2136 1850 2235 1921 nobis

1244 1951 1425 2042 opinione.
1474 1952 1579 2025 Ha'nc
1597 1955 1806 2024 modestiam
1824 1952 1961 2022 etiamsi
1978 1946 2234 2045 induemus¹⁹)‚

1243 2066 1362 2123 tamen
1378 2057 1539 2125 nondum
1561 2058 1649 2126 adeo
1666 2079 1732 2125 nos
1748 2055 1973 2139 abiiciemus,
1997 2067 2041 2124 nt
2059 2077 2099 2124 se
2114 2054 2235 2135 abiecit

1243 2152 1359 2226 Filius
1374 2154 1454 2230 Dei.
1504 2156 1640 2228 Pudeat
1655 2182 1720 2228 nos
1734 2156 1954 2247 arrogantiae
1967 2169 2130 2241 nostrae,
2155 2179 2235 2226 cum

1242 2257 1404 2327 videmus
1426 2257 1559 2328 Filium
1582 2259 1649 2330 Dei
1669 2262 1882 2353 usqueadeo
1900 2281 1937 2328 se
1958 2258 2140 2332 abiecisse.
2190 2257 2235 2328 A:

1244 2359 1413 2430 obiicitis:
1442 2360 1636 2432 Ministerii
1650 2362 1860 2452 dignitatem
1876 2360 2139 2430 defendendam
2155 2382 2234 2434 esse.

1244 2458 1357 2530 Immo
1381 2487 1461 2532 cum
1482 2479 1631 2557 uterque
1659 2465 1705 2533 sit
1723 2461 1911 2553 Evangelii
1935 2461 2127 2547 Minister,
2158 2485 2234 2555 par·

1244 2565 1396 2632 cendum
1412 2565 1516 2635 etiam
1531 2580 1584 2635 est
1597 2565 1792 2635 Minister-ii
1802 2563 1854 2658 ²⁰)
1871 2564 2046 2654 dignitati.
2099 2561 2233 2635 Deinde

1244 2666 1373 2734 scimus
1383 2662 1452 2762 ²¹),
1477 2662 1544 2736 bos
1558 2663 1726 2737 honestos
1750 2667 1873 2739 titulos
1892 2689 1994 2759 saepe
2013 2666 2166 2759 privatis
2185 2667 2234 2736 af·

1243 2765 1394 2838 lectibus
1421 2769 1589 2860 praetexi.
1646 2768 1737 2840 Cum
1765 2783 1882 2838 autem
1906 2765 2067 2839 babeatis
2088 2765 2233 2860 Episco-

1243 2892 1347 2960 pum,
1369 2870 1487 2939 virum
1504 2865 1840 2966 intelligentem²²)‚
1868 2884 1903 2939 et
1920 2884 2103 2941 amantem
2118 2867 2235 2940 Evan-

1243 2970 1344 3059 gelii,
1368 2967 1452 3041 huic
1476 2972 1688 3061 permittite,
1712 2984 1753 3040 ut
1774 2971 1924 3052 iudicet,
1950 2973 2016 3042 nbi
2040 2970 2234 3043 Ministerii

1243 3071 1396 3161 dignitas
1413 3074 1641 3164 periclitetur.
1693 3071 1876 3142 Postremo
1891 3073 1995 3144 etiam
2018 3073 2080 3165 pio
2089 3074 2233 3144 Princi-

1242 3174 1300 3265 pi,
1330 3186 1364 3243 et
1386 3175 1489 3244 nobis
1513 3176 1663 3266 parcite,
1696 3199 1848 3267 quorum
1874 3189 1908 3246 et
1930 3176 2094 3244 dolorem
2120 3191 2154 3247 et
2176 3201 2233 3246 cn·

1242 3298 1318 3343 ram
1328 3270 1370 3368 ²³)
1379 3277 1524 3366 augetis,
1539 3301 1625 3370 quas
1641 3276 1922 3346 circumferimus
1938 3277 2113 3347 assiduas.
2137 3276 2233 3363 Nam,

1242 3377 1330 3445 lecta
1352 3391 1414 3447 tua
1436 3379 1602 3470 epistola,
1640 3403 1714 3447 non
1738 3391 1876 3450 tantum
1900 3379 2118 3469 cogitatione
2138 3404 2233 3470 prae-

1242 3479 1394 3549 sentium
1411 3481 1587 3549 malorum
1603 3480 1909 3566 excruciabamur‚
1934 3483 1995 3550 sed
2015 3481 2127 3551 etiam
2142 3483 2233 3552 sutu-

1241 3604 1376 3652 rorum.
1425 3579 1523 3669 Quid
1550 3581 1645 3650 enim
1670 3583 1829 3651 futurum
1853 3584 1970 3653 estad
1995 3596 2176 3674 posteros,
2205 3585 2232 3653 si

1241 3696 1387 3773 propter
1408 3682 1503 3751 leves
1527 3707 1647 3752 causas
1669 3697 1741 3753 tam
1763 3683 1896 3753 atrocia
1925 3685 2125 3754 certamina
2146 3689 2231 3756 inter

1240 3780 1403 3873 Collegas
1436 3784 1622 3854 orientur?
1682 3782 1847 3872 Quantae
1889 3800 1994 3856 emnt
2030 3786 2231 3879 dissipatio-

1240 3880 1403 3980 nes?²⁴).
1455 3882 1502 3956 Et
1523 3886 1604 3955 odia
1615 3880 1664 3979 ²⁶)
1689 3886 1885 3954 factionum
1919 3886 2076 3957 incitant
2103 3891 2231 3960 animos

1240 3988 1286 4055 ad
1308 3988 1526 4080 quaerendas
1544 3987 1700 4058 diversas
1720 3987 1931 4077 opiniones?
1982 3986 2035 4059 lta
2060 4013 2164 4083 saepe
2181 4016 2233 4061 at·

1241 4112 1342 4157 censa
1359 4101 1442 4158 sunt
1454 4084 1626 4162 haereses.
1649 4132 1651 4136 .
1677 4086 1775 4158 Hace
1790 4090 1903 4175 mala,
1927 4103 1967 4160 ut
1981 4082 2124 4164 avertat
2136 4092 2232 4178 Deus,

1240 4191 1447 4259 ardentibus
1468 4191 1560 4260 votis
1583 4214 1790 4283 precamur,
1816 4204 1851 4260 et
1872 4216 1995 4261 omnes
2010 4189 2157 4267 honesti
2171 4196 2230 4286 gli·

1240 4294 1372 4362 scentia
1390 4316 1513 4361 eorum
1536 4293 1672 4361 semina
1697 4293 1798 4361 omni
1821 4294 1939 4363 studio
1955 4296 2164 4387 opprimere
2176 4300 2231 4367 de·

1239 4395 1337 4467 beut.
1387 4391 1484 4463 Haec
1501 4397 1545 4464 ad
1564 4408 1598 4464 te
1621 4406 1663 4465 ut
1676 4394 1927 4481 scriberemus,
1953 4398 2115 4489 quadam
2132 4398 2230 4471 officii

1275 4703 1316 4767 16)
1337 4700 1405 4756 cod.
1421 4703 1501 4756 Mon.
1514 4704 1671 4758 maximos.

1274 4789 1318 4855 17)
1336 4787 1444 4859 Scbleg.
1457 4799 1482 4842 et
1497 4789 1585 4846 Dana.
1605 4788 1751 4842 mendose:
1769 4789 1957 4858 deformatos.

1276 4872 1317 4938 18)
1336 4871 1403 4927 Cod.
1418 4872 1535 4943 Guelpb.
1554 4874 1744 4927 subiiciamus.

1275 4955 1318 5018 19)
1337 4955 1444 5030 Scbleg.
1458 4965 1484 5008 et
1498 4955 1583 5009 Dana.
1598 4955 1743 5011 mendose:
1760 4957 1911 5010 induimus.

1273 5041 1318 5109 20)
1337 5041 1444 5111 Scbleg.
1459 5041 1606 5094 mendose:
1626 5040 1783 5108 Evangelii.

1272 5126 1319 5191 21)
1339 5123 1408 5178 cod.
1420 5124 1503 5178 Goth.
1520 5125 1581 5177 168.
1594 5128 1717 5178 sciamus
1732 5128 1791 5179 lenc.

1272 5212 1321 5276 22)
1340 5210 1445 5280 Sebleg.
1461 5209 1608 5262 mendose:
1622 5211 1791 5276 diligentem.

1271 5296 1318 5363 23)
1337 5295 1407 5350 cod.
1418 5293 1536 5364 Gnelpb.
1551 5303 1577 5346 et
1591 5294 1653 5349 cod.
1668 5293 1750 5348 Gotb.
1766 5294 1824 5350 168.
1840 5311 1936 5351 curas.

1271 5382 1315 5450 24)
1334 5379 1441 5450 Scbleg.
1457 5390 1483 5433 et
1498 5381 1584 5432 Dana.
1599 5379 1742 5434 mendose:
1760 5382 1974 5447 disputationes.

1272 5465 1427 5585 minagii.
1441 5463 1585 5518 mendose:
1602 5463 1631 5516 si
1640 5465 1721 5530 odim
1738 5463 1801 5521 cod.
1815 5463 1898 5518 Gotb.
1913 5464 1975 5519 148.
1992 5475 2021 5521 et
2040 5470 2107 5527 eod.
2123 5472 2231 5546 Gnelpl.

1358 5551 1375 5585 0
1396 5551 1432 5586 10.
