4882 6426
120 362 195 443 aas
334 454 336 458 μ
693 359 1132 441 rersronaaun
1193 360 1304 437 nm.
1339 362 1404 442 rx,
1457 302 1590 444 15'45.
2093 366 2168 443 ost

95 542 98 547 ⁴
122 551 156 609 et
170 535 398 611 discentium.
435 534 488 607 Ita
504 532 683 607 lohannes
697 533 926 628 Evangelista
942 551 977 609 et
991 537 1121 608 deinde
1170 535 1291 607 citudo
1306 539 1351 607 de
1366 538 1528 609 doctrina
1544 540 1637 610 etde
1654 536 1844 609 ministerii
1856 533 2065 631 Evangelici
2078 563 2165 610 con·

120 638 339 735 Polycarpus
356 652 391 709 et
404 639 466 709 alii
479 641 586 711 multi
605 640 837 732 pulcerrimos
856 654 977 712 coetus
1001 635 1122 711 homi·
1169 641 1389 727 servatione,
1412 654 1581 732 potemnt
1602 643 1709 712 etiam
1724 640 1763 710 in
1787 635 1852 711 hac
1866 643 1992 742 politia
2007 667 2072 734 pro
2087 667 2167 712 mo-

121 767 211 814 num
236 740 437 813 eruditione
462 755 498 812 et
521 744 652 814 virtute
677 744 953 835 praestantium,
988 745 1120 813 docen-
1168 743 1215 812 do
1248 765 1393 815 suarum
1416 744 1549 814 virium
1577 757 1641 817 aut
1663 767 1746 815 suae
1775 744 1971 815 industriae
1996 742 2166 815 Ecclesiis

121 846 213 920 tium
236 857 271 915 et
297 843 501 915 auditorum
523 868 645 915 secum
666 839 882 919 habuerunt.
941 845 1014 916 Nec
1038 846 1120 937 pul·
1167 845 1305 915 utiliter
1326 843 1469 920 servire.

120 946 344 1020 criusullum
360 959 435 1017 toto
451 947 536 1016 orbe
555 960 729 1017 terrarum
756 948 993 1040 spectaculum
1018 961 1119 1033 esset,
1269 944 1353 1018 Ideo
1376 943 1469 1019 hanc
1491 963 1651 1020 nostram
1678 945 1976 1020 reformationem
1995 948 2039 1019 ad
2070 949 2164 1039 leges

120 1072 230 1145 quam
257 1049 378 1117 videre
410 1050 515 1119 talem
547 1047 718 1120 Senatum
747 1063 782 1119 et
812 1051 918 1121 talem
948 1046 1118 1124 scholam
1166 1049 1325 1134 divinas,
1357 1073 1448 1143 quae
1477 1064 1517 1122 ut
1548 1064 1633 1121 sunt
1664 1063 1844 1135 aeternae,
1875 1053 1924 1122 ita
1957 1074 2097 1142 semper
2120 1052 2166 1122 ab

118 1151 224 1224 Nunc
241 1175 344 1235 vero,
369 1150 400 1219 si
415 1145 500 1220 baec
515 1152 670 1221 recentia
686 1152 831 1241 collegia
847 1156 889 1222 ad
907 1152 1005 1221 illam
1022 1165 1117 1222 vete·
1166 1153 1333 1222 omnibus
1361 1147 1568 1224 hominibus
1592 1154 1760 1223 colendae
1781 1168 1900 1238 erant,
1933 1153 2165 1239 instituimus,

66 1267 67 1270 ’
119 1277 195 1325 rem
219 1253 408 1343 imaginem
424 1254 666 1339 conferantur,
692 1268 823 1348 quanta
841 1255 908 1326 erit
934 1254 1118 1324 dissimili·
1165 1277 1240 1322 non
1258 1255 1301 1324 ad
1319 1255 1457 1344 regulas
1473 1250 1630 1326 humano
1655 1256 1805 1326 consilio
1826 1258 2056 1346 excogitatas,
2082 1255 2164 1349 qui-

120 1354 234 1429 tudo?
544 1373 548 1377 ’
1165 1357 1232 1427 bus
1249 1357 1481 1428 dominantur
1499 1370 1671 1450 tempora.

222 1456 292 1528 Sed
307 1456 391 1551 quia
413 1481 488 1527 non
507 1482 630 1529 omnes
652 1459 690 1528 in
706 1458 864 1548 collegiis
881 1470 966 1528 sunt
981 1454 1117 1548 Epicu·
1266 1457 1428 1528 Primum
1454 1460 1557 1530 fateri
1585 1459 1653 1551 ipsi
1678 1473 1883 1551 coguntur,
1929 1457 2048 1533 Deum
2082 1472 2172 1530 ante

118 1559 212 1646 raei,
245 1561 306 1628 sed
329 1559 440 1654 aliqui
462 1562 620 1631 saniores
648 1561 821 1632 iudicium
842 1559 910 1631 Dei
940 1573 1117 1644 metuunt,
1164 1560 1284 1629 omnia
1304 1561 1521 1652 praecepisse
1538 1559 1745 1654 Episcopis,
1771 1577 1813 1632 ut
1835 1564 1984 1635 doceant
1998 1560 2194 1652 Evange»

117 1658 176 1732 bis
187 1662 318 1731 servire
334 1676 453 1732 nostra
469 1664 712 1745 moderatione
727 1665 770 1732 ad
788 1663 937 1732 salutem
953 1677 988 1733 et
1002 1684 1117 1755 quan‘-
1164 1651 1253 1733 lium
1278 1687 1342 1753 per
1364 1665 1496 1756 seipsos
1511 1678 1573 1734 aut
1587 1678 1681 1734 certe
1697 1688 1761 1756 per
1776 1666 1864 1734 alios
1881 1665 2000 1736 doceri
2026 1679 2162 1749 curent,

118 1760 301 1836 tumDeus
315 1766 501 1845 concedet,
529 1780 694 1836 manente
718 1760 784 1835 hac
801 1765 927 1857 politia
949 1787 1116 1834 revocare
1164 1777 1198 1834 et
1219 1777 1312 1835 recte
1339 1780 1520 1837 exerceant
1548 1766 1893 1837 administrationem
1915 1767 2162 1839 Sacramento-

118 1890 178 1938 eos
192 1868 237 1936 ad
252 1866 478 1937 vocationum
497 1868 611 1937 officia
628 1869 801 1960 cupimus.
839 1865 930 1936 Nam
947 1860 1034 1936 haec
1049 1890 1114 1959 po·
1162 1891 1253 1940 rum.
1312 1864 1395 1938 ldeo
1415 1865 1586 1959 Episcopi
1598 1869 1693 1938 viros
1718 1864 1885 1939 honestos
1905 1884 1939 1941 et
1952 1870 2100 1939 idoneos
2115 1870 2162 1938 ad

117 1984 247 2041 strema
263 1969 391 2038 mundi
406 1984 519 2050 aetas,
545 1994 621 2040 non
640 1984 713 2041 tam
727 1970 813 2039 felir
828 1981 896 2052 est,
921 1982 962 2038 ut
983 1993 1023 2038 ex
1039 1970 1114 2038 col·
1162 1970 1363 2038 docendum
1387 1966 1624 2061 Evangelium
1647 1971 1719 2041 suis
1744 1971 1902 2061 collegiis
1925 1985 1962 2043 et
1980 1971 2161 2042 ditionum

116 2072 220 2162 legiis
237 2067 502 2141 Canonicorum
523 2095 666 2143 rursum
683 2069 784 2142 Eliae
805 2067 987 2140 etElisaei
1008 2066 1112 2140 scho-
1162 2094 1306 2140 suarum
1320 2067 1489 2142 Ecclesiis
1505 2073 1691 2164 praeficere
1706 2074 1847 2146 debent.
1900 2070 1958 2143 Ad
1974 2069 2065 2144 banc
2085 2095 2160 2142 rem

115 2176 170 2245 lae
185 2173 262 2243 fieri
275 2174 423 2264 possint.
474 2170 523 2243 Et
541 2187 661 2245 tamen
686 2175 714 2243 si
732 2173 866 2242 vellent
887 2171 1057 2264 Episcopi
1079 2187 1113 2244 et
1156 2173 1263 2254 facile
1286 2173 1490 2245 invenirent
1510 2175 1687 2267 stipendia
1704 2200 1745 2245 ex
1766 2176 1990 2256 sacerdotiis,
2016 2176 2045 2244 si
2069 2173 2161 2244 adsit

115 2274 311 2359 Canonici,
347 2275 479 2345 servire
501 2272 681 2346 Ecclesiae
705 2273 773 2344 Dei
797 2274 935 2345 utiliter
957 2288 1112 2367 possent,
1160 2276 1326 2346 voluntas
1360 2289 1395 2346 et
1428 2302 1552 2347 verum
1580 2277 1738 2348 studium
1769 2279 1945 2348 iuvandae
1968 2274 2157 2350 Ecclesiae.

114 2380 154 2450 in
173 2377 315 2449 tuendis
334 2378 546 2470 quibusdam
570 2378 775 2450 necessariis
792 2377 934 2462 officiis,
958 2380 1003 2448 ad
1021 2402 1111 2472 quae
1159 2373 1302 2448 Debent
1316 2391 1352 2447 et
1367 2379 1498 2449 abusus
1515 2381 1554 2448 in
1568 2379 1776 2461 ceremoniis
1792 2381 1927 2454 tollere.

115 2482 220 2553 etiam
239 2503 329 2572 opus
348 2495 398 2550 est
411 2480 498 2549 viris
514 2481 619 2550 bonis
634 2496 668 2551 et
683 2480 927 2572 prudentibus.
1261 2477 1426 2551 Secundo
1453 2482 1571 2552 sciunt
1597 2495 1631 2552 ct
1662 2479 1729 2553 boc
1751 2485 1959 2552 mandatum
1981 2480 2050 2552 Dei
2073 2503 2157 2565 esse,

216 2582 289 2654 Nec
312 2595 443 2672 egestas
464 2583 575 2674 pietas
600 2598 668 2669 est,
696 2607 761 2653 nec
781 2582 963 2674 opulentia
987 2605 1111 2671 pecca-
1158 2593 1200 2650 ut
1214 2582 1477 2653 ordinationem
1495 2586 1783 2679 presbyterorum
1800 2599 1892 2656 recte
1911 2578 2156 2661 administrari
2269 2643 2278 2655 .

115 2700 204 2759 tum.
258 2683 432 2768 †Tenere
459 2685 608 2776 imperia
632 2711 707 2756 non
731 2697 782 2754 est
800 2683 1019 2776 peccatum”,
1046 2684 1110 2754 etsi
1159 2697 1304 2768 curent,
1329 2686 1494 2756 videlicet
1509 2687 1557 2756 ita
1571 2702 1612 2757 ut
1627 2687 1687 2756 liat
1701 2686 1791 2756 seria
1813 2711 1953 2756 morum
1973 2700 2007 2755 et
2021 2685 2193 2776 ,doctri--
2316 2756 2321 2764 ,

116 2787 260 2859 difficile
283 2800 335 2857 est
354 2787 461 2857 simul
486 2788 658 2858 sustinere
682 2784 862 2857 Ecclesiae
882 2800 916 2857 et
940 2785 1110 2878 imperio·
1158 2809 1225 2853 nae
1249 2788 1465 2877 exploratio,
1491 2803 1526 2858 et
1546 2789 1709 2870 rudiores
1730 2801 1765 2859 et
1780 2789 1912 2858 dociles
1934 2787 2155 2860 erudiantur.

114 2915 196 2962 rum
231 2890 545 2980 gubernationem,
594 2905 711 2962 tamm
746 2886 944 2980 Episcopus
980 2889 1109 2957 timens
1158 2885 1285 2958 Sciunt
1299 2884 1468 2982 Episcopi
1491 2891 1560 2982 ipsi
1583 2885 1675 2960 hanc
1692 2903 1845 2960 veterem
1861 2914 1934 2961 esse
1950 2890 2155 2976 deordina-

112 2989 229 3065 Deum
257 3016 377 3061 curam
411 2993 596 3086 utriusque
622 2993 740 3062 oneris
770 3005 863 3061 recte
895 2991 1108 3060 distribuere
1157 2989 1255 3058 tione
1271 2991 1494 3081 opinionem,
1514 2993 1698 3084 proprium
1712 2993 1879 3063 videlicet
1893 2988 2153 3085 Episcoporum

111 3108 248 3189 posset,
270 3091 502 3178 sicutDavid,
512 3089 698 3179 Ezechias,
713 3089 1109 3177 Constantinus,Theo·
1158 3091 1313 3161 officium
1337 3118 1399 3163 seu
1421 3117 1510 3185 opus
1535 3119 1608 3164 esse
1631 3090 1724 3163 hanc
1755 3095 1866 3186 ipsam
1891 3095 2155 3187 comprobatio-

112 3199 251 3280 dosius,
278 3208 313 3266 et
335 3220 431 3281 nunc
453 3196 558 3266 multi
579 3196 781 3289 Principes,
808 3195 872 3265 etsi
894 3195 1047 3288 politicis
1056 3192 1106 3289 ⁴³)
1157 3217 1238 3261 nem
1254 3197 1554 3290 presbyterorum,
1567 3221 1658 3291 quae
1673 3197 1710 3266 lit
1725 3197 1954 3287 impositione
1967 3220 2153 3271 manuum.

111 3300 262 3390 negotiis
293 3299 455 3390 occupati
486 3312 585 3369 sunt:
614 3313 732 3369 tamen
754 3299 899 3368 interim
925 3311 959 3367 et
981 3294 1107 3367 Eccle-
1155 3293 1238 3365 Non
1252 3296 1453 3368 existiment
1468 3314 1584 3369 autern
1600 3312 1739 3370 tantum
1762 3298 1842 3369 ideo
1865 3300 1950 3369 solis
1965 3295 2153 3392 Episcopis

110 3405 180 3474 sias
204 3401 416 3492 inspiciunt,
442 3415 476 3473 ct
490 3425 611 3472 earum
633 3401 774 3492 negotia
798 3400 1026 3497 mediocriter
1041 3424 1106 3490 gu-
1156 3392 1328 3490 hocopus
1343 3401 1554 3472 attributum
1570 3424 1659 3486 esse,
1674 3414 1714 3471 ut
1728 3402 1907 3492 fastigium
1921 3402 2028 3473 altius
2043 3424 2154 3491 agno-

111 3507 275 3578 bernant.
1156 3514 1331 3582 sectetur,
1356 3505 1416 3571 sed
1440 3505 1553 3573 multo
1576 3504 1706 3594 magis,
1732 3517 1773 3573 ut
1793 3499 1961 3595 Episcopi
1985 3526 2153 3595 praesen-

209 3605 343 3676 Paulus
358 3599 553 3696 Apostolus
567 3626 712 3695 prorsus
729 3628 805 3675 non
820 3605 936 3694 attigit
952 3606 1023 3675 ulla
1041 3628 1107 3672 ne-
1155 3614 1207 3670 tes
1239 3602 1278 3669 in
1308 3604 1468 3673 examine
1500 3607 1699 3675 doctrinam
1732 3605 1864 3695 diligen
1885 3606 1938 3697 'us
1969 3605 2152 3698 inquirere

109 3710 206 3801 gotia
235 3705 494 3799 imperatorum
523 3729 606 3776 suae
629 3706 761 3779 aetatis.
823 3702 872 3776 At
893 3704 1106 3777 Ambrosius
1154 3717 1315 3794 possent,
1348 3717 1384 3774 et
1406 3721 1588 3790 caverent,
1622 3700 1673 3775 ne'
1698 3700 1972 3777 admitterentur
1993 3702 2152 3776 adhunc

109 3811 177 3884 etsi
203 3822 277 3881 erat
301 3806 517 3901 Episcopus:
543 3822 661 3878 tamen
684 3808 877 3897 legationes
899 3809 990 3879 obiit
1011 3808 1106 3899 pacis
1155 3808 1316 3894 gradum,
1341 3808 1402 3899 qui
1420 3833 1564 3898 prorsus
1579 3832 1652 3876 non
1667 3822 1811 3899 possent
1825 3810 1962 3892 docere,
1986 3821 2047 3877 aut
2059 3831 2150 3899 quo-

107 3913 291 3987 laciendae
322 3934 442 3981 caussa
469 3912 563 3981 inter
591 3910 887 3981 Valentinianum
922 3925 956 3980 et
987 3909 1107 3980 Maxi·
1154 3931 1235 3977 rum
1259 3931 1377 3977 mores
1401 3909 1588 3980 alienatori
1613 3921 1729 3979 essent
1744 3910 1944 3981 voluntates
1961 3904 2150 3979 hominum
2230 3909 2233 3916 ’

107 4041 226 4099 mum,
251 4014 341 4083 sicut
358 4026 391 4083 et
405 4037 501 4083 nunc
514 4012 623 4083 unius
636 4009 814 4082 Ecclesiae
838 4013 876 4082 in
892 4014 1024 4104 oppido
1039 4012 1107 4081 ali·
1154 4032 1174 4078 a
1195 4010 1393 4079 ministerio
1416 4008 1652 4100 Evangelico,
1690 4011 1779 4081 sicut
1801 4010 1935 4080 Paulus
1958 4006 2151 4080 Timotheo

108 4144 180 4215 quo
200 4130 320 4210 pastor
337 4118 495 4208 prudens
518 4129 553 4185 et
575 4114 754 4186 studiosos
768 4115 942 4184 fovendae
959 4138 1105 4185 suorum
1153 4113 1345 4202 praecipit,
1370 4137 1416 4181 ne
1434 4114 1488 4182 cui
1506 4115 1574 4183 cito
1589 4136 1717 4183 manus
1731 4112 1900 4204 imponat.
1951 4108 2094 4182 Etcum
2112 4112 2151 4180 in

107 4219 335 4302 concordiae,
362 4218 442 4289 lites
467 4218 605 4311 aliquas
628 4217 761 4288 civium
790 4217 929 4308 privato
955 4218 1104 4287 consilio
1155 4215 1315 4282 examine
1337 4211 1530 4286 adhibetur
1546 4215 1752 4306 diligentia,
1775 4228 1817 4285 ut
1840 4239 1952 4284 unum
1970 4216 2150 4308 quoddam

107 4323 263 4407 dirimit,
289 4335 325 4390 et
344 4316 576 4390 Bernhardus
598 4319 694 4411 pacis
716 4333 820 4390 autor
838 4319 908 4388 fuit
924 4319 1019 4388 inter
1031 4317 1105 4388 Lo·
1153 4329 1287 4384 certum
1305 4329 1340 4385 et
1355 4317 1580 4387 consentiens
1595 4317 1779 4388 doctrinae
1796 4339 1907 4406 genus
1922 4329 2152 4407 proponatur,

107 4421 264 4498 tharium
278 4421 555 4514 Imperatorem,
571 4434 607 4491 ct
618 4420 826 4492 Cunradum
839 4423 1104 4512 Imperatorem,
1139 4429 1187 4486 .et
1211 4417 1373 4486 rudiores
1398 4419 1458 4512 qui
1484 4420 1671 4489 erudiendi
1691 4431 1792 4502 sunt,
1819 4423 1863 4487 ad
1888 4419 1923 4487 id
1950 4418 2152 4502 assuefiunt,

107 4527 212 4600 Talia
240 4525 375 4610 officia,
400 4526 431 4593 si
458 4525 586 4594 modus
609 4537 643 4593 et
666 4524 756 4593 ordo
779 4522 1006 4594 mediocriter
1030 4547 1104 4592 ser-
1153 4513 1239 4588 haec
1258 4520 1429 4611 exempla,
1455 4522 1653 4612 plurimum
1671 4521 1879 4593 conducunt
1904 4520 1949 4590 ad
1971 4515 2149 4590 Ecclesia-

104 4646 253 4714 ventur,
273 4651 349 4696 non
365 4621 671 4719 reprehendimus.
1152 4643 1233 4689 rum
1247 4623 1486 4696 concordiam.
2063 4703 2064 4706 Ἴ

205 4729 388 4801 Postremo
420 4729 557 4800 etiamsi
589 4749 743 4796 canones
772 4727 985 4798 severissimi
1017 4751 1103 4796 con·
1255 4719 1417 4817 Cumque
1436 4738 1575 4816 petetur
1591 4723 1636 4793 ab
1655 4719 1840 4815 Episcopis
1856 4723 2054 4805 ordinatio,
2074 4747 2151 4794 ma-

104 4836 256 4920 dantur‚
280 4847 401 4903 tamen
423 4831 454 4900 si
479 4853 650 4923 personae
675 4843 759 4901 sunt
779 4830 856 4899 sine
880 4830 1008 4898 timore
1023 4826 1104 4913 Dei,
1152 4836 1235 4893 neat
1266 4837 1385 4895 tamen
1409 4850 1513 4896 suum
1542 4826 1597 4894 ius
1628 4827 1787 4916 patronis
1809 4826 1961 4897 vocandi
1992 4826 2150 4909 idoneos,

104 4952 141 5009 et
157 4962 232 5007 non
250 4960 292 5005 ex
311 4934 432 5004 animo
447 4949 664 5004 venerantur
682 4932 921 5001 ministerium
937 4927 1102 5021 Evange-
1152 4948 1281 5020 eosque
1315 4928 1584 5018 praesentandi,
1629 4940 1669 4996 ut
1703 4935 1842 5003 vocant.
1909 4925 2084 4999 Retinent
2116 4940 2150 5000 et

104 5041 165 5126 lii,
189 5040 273 5109 illae
288 5061 467 5108 canonum
485 5035 618 5106 otiosae
636 5035 783 5126 paginae
806 5058 882 5105 non
897 5035 1102 5125 profuturae
1151 5028 1229 5098 iure
1243 5028 1367 5098 divino
1384 5031 1526 5121 patroni
1542 5053 1665 5099 omnes
1685 5025 1777 5100 b'anc
1802 5029 2081 5120 inspectionem,
2104 5052 2148 5100 ne

105 5155 191 5215 sunt
204 5128 384 5212 Ecclesiis.
416 5135 573 5209 Econtra
587 5160 671 5206 vero
689 5137 719 5205 si
740 5137 779 5205 in
793 5136 953 5227 personis
969 5135 1036 5204 crit
1055 5135 1102 5205 ti·
1151 5129 1271 5201 sinant
1295 5134 1475 5223 corrumpi
1497 5131 1695 5202 doctrinam
1719 5133 1814 5202 iuxta
1831 5133 1938 5202 illud:
1965 5123 2096 5200 Cavete
2123 5154 2149 5200 a
2197 5220 2201 5226 ,

102 5268 183 5316 mor
198 5242 285 5329 Dei,
311 5253 347 5311 et
361 5239 527 5312 voluntas
544 5240 720 5311 iuvandae
735 5234 937 5321 Ecclesiae,
963 5251 996 5308 et
1014 5237 1102 5308 soli·
1149 5223 1492 5332 Pseudoprophetis.
1543 5230 1774 5305 Admoneant
1792 5235 1902 5326 igitur
1919 5233 2151 5305 concionato-

1149 5358 1225 5421 res,
1251 5336 1315 5428 qui
1325 5337 1411 5406 salsa
1427 5349 1652 5429 proponunt,
1678 5348 1714 5405 et
1730 5338 1928 5428 pertinaces
1943 5350 2149 5408 removeant

752 5491 754 5497 ι
1020 5468 1025 5476 ·
1148 5437 1381 5510 aministerio
1396 5452 1429 5510 et
1442 5440 1496 5510 sui
1513 5438 1599 5510 facti
1611 5460 1749 5509 caussas
1764 5442 1869 5537 apud}
1876 5436 2072 5532 Episcopus
2089 5461 2149 5508 ex-

136 5571 335 5644 ddlpolt'tt'et's]
351 5570 416 5627 Per.
431 5570 558 5641 publicis.
1147 5553 1316 5633 ponant·
1362 5645 1363 5648 Ἴ
