4882 6426
127 323 207 401 287
711 316 1145 397 EPlSTOLARUM
1195 321 1300 396 [ΑΒ.
1335 320 1399 399 lX.
1454 322 1580 401 1⁶4³.
2088 322 2178 402 230⁴

127 495 282 567 adducta
317 505 387 579 est,
425 492 622 583 cogitarent
649 492 811 586 utrique,
850 506 921 564 tam
954 496 1124 578 doctores,
1172 493 1418 587 illacrymaret.
1469 494 1559 565 Nam
1581 510 1616 567 et
1640 509 1703 566 tuo
1725 493 2165 584 moeroreadiiciebantut,

118 619 236 693 quam
250 591 446 687 Principes.
496 593 569 665 Sed
583 620 663 664 cum
679 595 834 687 pericula
852 596 1027 665 cumulata
1042 597 1124 684 sint,
1172 608 1208 665 et
1231 596 1462 666 adolesoentis
1485 597 1710 668 immaturam
1743 615 1893 670 mortem
1921 601 2166 691 deplorabant,

123 720 171 770 ex
186 710 421 790 utrorumque
436 697 560 766 erratis
573 720 750 766 annorum
766 697 1006 786 superiorum,
1028 721 1133 776 :itanc¹
1172 711 1205 766 et
1222 697 1283 789 qui
1302 723 1382 766 eum
1397 698 1609 767 familiarius
1626 714 1799 769 noverant
1819 697 2034 791 reipublicae
2052 701 2167 773 iactu·

127 800 234 871 video
261 799 404 868 nullum
432 821 507 867 esse
536 798 736 870 consilinm.
796 796 891 881 lmo,
927 800 1035 868 utin
1064 824 1123 868 ex·
1172 822 1247 867 ram
1272 799 1458 868 deflebant.
1517 798 1607 869 Nam
1633 795 1699 870 hoc
1728 793 1910 891 ingenium
1932 822 2061 892 magno
2084 804 2165 874 usui

107 954 112 964 .
182 924 241 972 ma
266 901 532 991 desperatione,
572 898 846 969 deliberationes
868 900 971 968 etiam
1004 900 1123 969 nullae
1172 914 1276 992 atque
1293 914 1502 973 ornamento
1524 902 1693 991 ¹ecclesiae
1708 905 1868 975 futurum
1889 922 2164 996 speraveramus.

155 1005 318 1074 abentnr.
368 999 442 1070 Nos
462 1001 571 1090 igitur
586 1002 712 1069 ducem
730 1014 765 1070 et
779 1000 991 1071 monitorem
1007 998 1122 1072 Deum
1172 998 1276 1070 Meus
1298 1026 1381 1070 vero
1401 1003 1506 1072 dolor
1530 1027 1571 1071 eo
1589 1019 1639 1076 est
1659 1006 1792 1088 acrior,
1819 1007 1901 1097 qnia
1919 1003 2007 1075 inihi
2022 1006 2167 1077 Samuel

127 1127 334 1200 sequemur,
366 1102 503 1195 siquae
520 1116 625 1171 errant
640 1103 679 1170 in
696 1116 873 1172 conventu
887 1104 931 1171 de
947 1098 1002 1171 his
1018 1104 1125 1172 rebus
1171 1102 1236 1169 lilii
1253 1103 1331 1172 loco
1348 1116 1443 1188 erat,
1466 1127 1523 1171 me
1539 1107 1694 1190 colebat,
1720 1131 1796 1174 ntea
1811 1109 1926 1177 studia
1943 1110 2166 1200 sequebatur,

127 1207 291 1286 omnium
307 1203 470 1273 maximis
486 1204 770 1276 deliberationes.
821 1202 904 1278 Non
924 1205 1034 1275 multa
1056 1206 1123 1272 im·
1172 1226 1305 1296 egoque
1328 1228 1446 1295 saepe,
1473 1229 1552 1274 eum
1573 1207 1734 1292 intuens,
1759 1231 1884 1298 magna
1910 1210 2040 1279 laetitia
2068 1211 2165 1278 adse-

128 1310 310 1378 moderate
324 1305 410 1389 feci,
444 1321 504 1376 aut
526 1305 555 1374 si
577 1306 664 1397 quid
686 1306 769 1388 feci,
795 1329 889 1375 ame
904 1330 979 1375 non
996 1321 1048 1376 est
1064 1330 1124 1375 or·
1171 1318 1246 1373 ctus
1261 1329 1358 1385 sum,
1386 1329 1548 1395 sperans,
1573 1308 1656 1377 talia
1672 1309 1790 1402 aliqua
1805 1310 1967 1404 ingenia,
1992 1325 2026 1380 et
2048 1310 2087 1379 in
2109 1305 2166 1381 his

128 1423 223 1495 tum,
252 1420 345 1477 certe
359 1429 497 1498 semper
511 1408 564 1476 fui
580 1408 712 1476 nostris
729 1402 907 1488 hortator,
935 1421 996 1492 ut,
1026 1407 1120 1500 quod
1170 1398 1266 1474 hunc
1290 1404 1510 1487 Samuelem,
1537 1408 1709 1478 divinitus
1733 1412 1885 1497 servari,
1912 1435 1956 1481 ne
1983 1413 2026 1482 ad
2047 1426 2164 1503 poste·
2222 1504 2224 1510 Ι

127 1512 293 1582 videbam
315 1509 417 1578 facile
441 1509 517 1577 fieri
545 1531 665 1597 posse,
691 1509 863 1578 mediocri
879 1510 1121 1580 moderatione
1170 1530 1228 1575 ros
1252 1507 1395 1576 ecclesia
1417 1508 1493 1577 sine
1516 1510 1674 1579 eruditis‘
1689 1513 1893 1583 doctoribus
1917 1527 1952 1583 et
1972 1514 2164 1583 moderatis

126 1611 420 1704 tranquillitatem
444 1606 659 1679 Germaniae
681 1623 878 1684 tuerentur.
936 1608 1004 1680 Sed
1031 1604 1122 1678 hanc
1169 1609 1464 1697 gubernatoribus
1478 1625 1577 1684 esset.
1612 1610 1847 1682 Memineram
1866 1629 1917 1698 te,
1943 1631 1978 1684 et
1992 1615 2162 1684 familiam

125 1729 237 1788 totam
256 1706 520 1804 philosophiam
538 1712 683 1804 quidam
699 1735 844 1803 prorsus
860 1713 1024 1800 ignorant
1043 1715 1122 1782 τῶν
1169 1723 1263 1779 tuam
1280 1704 1348 1784 Dei
1365 1712 1534 1780 beneficio
1560 1726 1735 1782 servatum
1760 1737 1832 1783 esse
1856 1730 2033 1804 grassante
2054 1716 2165 1809 pesti-

126 1808 325 1911 ἀρχόντων
351 1838 391 1884 τε
419 1808 483 1884 καὶ
513 1805 751 1912 δημηγόρων.
810 1811 911 1884 Sicut
943 1813 996 1881 illi
1026 1814 1118 1902 apud
1168 1811 1276 1881 lentia
1293 1812 1459 1882 atrociter
1476 1837 1570 1882 anno
1586 1815 1786 1905 superiore,
1816 1829 1850 1885 et
1866 1817 2044 1903 videbam,
2067 1830 2163 1887 aeta-

126 1918 345 1999 Homerum,
382 1939 452 2006 qua
479 1928 578 2004 parte
613 1916 665 1984 sol
691 1917 842 1997 oriatur,
882 1939 950 2008 qua
973 1915 1120 1985 occidat.
1168 1925 1238 1981 tem
1254 1913 1285 1980 ei
1300 1936 1393 1997 non,
1418 1927 1458 1983 ut
1472 1915 1571 2001 aliis,
1596 1918 1726 1985 addere
1744 1911 1983 2004 insolentiam,
2009 1919 2068 1988 sed
2085 1940 2165 1987 mo-

124 2020 236 2091 lussit
251 2015 307 2087 his
318 2016 490 2108 proximis
503 2018 629 2085 diebus
642 2010 733 2084 mihi
751 2017 820 2084 dici
832 2009 1040 2099 Pantanus,
1065 2039 1120 2083 me
1169 2014 1317 2082 destiam
1333 2028 1367 2083 et
1382 2015 1744 2107 circumspectionem.
1795 2017 1884 2090 Erat
1904 2019 2013 2109 igitur
2033 2020 2074 2088 in
2097 2014 2164 2090 hac

123 2137 168 2194 ut
180 2123 223 2191 ad
240 2133 454 2189 conventum
468 2110 730 2208 praepararem:
756 2116 940 2208 Respondi
956 2141 1012 2185 me
1027 2131 1061 2186 et
1075 2118 1119 2186 ad
1168 2116 1365 2209 frequentia
1393 2141 1506 2201 unus,
1540 2118 1578 2187 in
1605 2145 1708 2211 quem
1735 2123 2103 2212 prudentumsennm
2129 2133 2165 2193 et

126 2245 269 2296 mussas
294 2220 581 2312 explicationem,
622 2234 655 2290 et
677 2221 721 2289 ad
745 2219 902 2310 pericula
923 2216 991 2288 Dei
1012 2220 1121 2288 bene·
1167 2217 1406 2287 studiosorum
1425 2219 1602 2300 ,iuvenum
1629 2222 1725 2290 oculi
1755 2222 1996 2296 intuebantur.
2054 2221 2165 2293 Senes

127 2327 227 2408 licio,
268 2323 495 2392 mediocriter
521 2335 700 2412 paratum,
740 2318 924 2413 Principes
950 2335 1121 2406 moneret,
1167 2320 1387 2408 gandebant,
1413 2320 1601 2390 seminaria
1629 2323 1783 2392 ecclesiis
1806 2323 1889 2400 talia
1917 2323 2077 2408 excitari5
2105 2322 2164 2394 iu-

126 2430 270 2512 tandem
300 2439 339 2494 ut
366 2424 435 2514 ipsi
464 2446 537 2492 sese
561 2435 744 2515 pararent,
785 2445 826 2491 ac
855 2422 1120 2506 constituerent,
1169 2444 1274 2489 venes
1297 2415 1393 2490 hunc
1418 2421 1631 2491 imitandum
1655 2424 1724 2494 sibi
1737 2426 1936 2496 censebant.
1987 2423 2163 2495 Dolebam

126 2530 214 2625 quid
235 2525 415 2595 defensuri
436 2525 528 2614 sint,
561 2527 620 2593 sed
642 2520 728 2593 haec
748 2548 877 2593 coram.
930 2521 1004 2592 lam
1025 2524 1119 2592 enirn
1168 2522 1277 2610 igitur
1292 2547 1372 2591 cum
1390 2547 1408 2590 e
1427 2518 1547 2592 schola
1564 2540 1790 2607 evocaretur,
1816 2528 1875 2596 sed
1896 2539 1978 2595 tuae
1997 2525 2164 2620 solitudi÷

126 2629 329 2719 interpellat
350 2621 557 2718 Dryandrs‘
581 2628 708 2710 frater,
744 2626 805 2719 qui
829 2625 913 2695 satis
936 2627 1120 2694 commode
1168 2625 1225 2691 nis
1240 2648 1342 2692 causa
1365 2624 1615 2695 dimittendum
1640 2628 1771 2716 putavi.
1824 2626 2034 2698 Erravimns
2054 2627 2164 2716 igitur

81 2740 85 2753 '
126 2715 288 2804 vendidit
302 2725 361 2799 hic
377 2752 457 2798 suas
473 2722 667 2800 machinas.
1168 2727 1293 2804 ambo,
1321 2738 1354 2793 et
1376 2739 1415 2794 tu
1436 2739 1469 2793 et
1496 2749 1575 2814 ego,
1602 2751 1666 2797 nec
1683 2730 1910 2797 mediocriter
1935 2729 2065 2797 erroris
2091 2724 2162 2798 mei

236 2827 362 2904 Vitam
378 2821 664 2897 Amerbaeehum
682 2827 769 2897 scito
785 2827 830 2896 ab
844 2824 1035 2897 Academia
1050 2825 1122 2895 Ba·
1169 2825 1380 2914 cogitatione
1403 2827 1551 2899 crucior.
1603 2826 1671 2898 Sed
1697 2831 1958 2900 decurrendum
1986 2844 2037 2900 est
2059 2827 2163 2899 nobis

126 2936 244 3006 varica
261 2934 471 3003 conductum
489 2954 580 3014 esse,
613 2945 654 3001 ut
670 2932 743 3021 ipse
758 2929 900 3008 scribit,
933 2930 978 2998 ad
1002 2923 1121 3019 philo·

126 3033 288 3129 sophiam
307 3035 502 3103 docendam
516 3047 551 3102 et
566 3034 675 3101 bonas
692 3032 845 3100 litteras:
871 3031 976 3123 plane
992 3031 1121 3099 trium-

125 3137 218 3234 phos
233 3138 305 3225 agit
322 3128 360 3203 in
376 3133 553 3225 epistolis,
586 3135 682 3227 quod
700 3156 719 3202 a
735 3132 948 3216 Titanibus,
978 3145 1020 3201 ut
1033 3128 1120 3200 Mu-

127 3264 227 3312 saeus
242 3236 459 3319 discesserit,
492 3249 526 3304 et
548 3235 727 3326 praeludit
737 3234 842 3304 novis
857 3233 1119 3305 certaminibus.

125 3341 207 3415 Non
223 3342 354 3410 trustra
371 3338 489 3409 carias.
507 3333 703 3421 loachime,
733 3336 912 3406 interdurn
936 3335 1120 3429 querimur

124 3448 171 3515 de
187 3434 452 3512 melancholicis
467 3438 615 3512 naturis.
667 3437 736 3509 Sed
754 3438 908 3507 ieramus
924 3437 1029 3506 etiam
1050 3428 1120 3505 hu-

125 3549 182 3617 ins
199 3548 367 3634 impetus,
394 3563 529 3632 nosque
546 3541 589 3607 ad
608 3542 726 3610 futma
743 3560 1000 3629 praeparemus.
1033 3530 1117 3605 La-

125 3645 262 3720 terensi
274 3644 376 3714 mitto
393 3641 591 3732 exemplum
606 3640 789 3733 Epistulae
805 3641 848 3708 de
870 3640 1002 3722 lerina,
1033 3638 1119 3708 scri·

124 3767 206 3845 ptae
226 3749 270 3819 ad
286 3736 597 3837 Aahaltinum*).
648 3740 817 3811 Venirem
838 3743 882 3810 ad
907 3741 1117 3831 disputatio-

125 3876 209 3935 nes,
241 3849 312 3920 nisi
335 3846 495 3942 quotidie
518 3858 733 3934 expectarem
753 3843 796 3912 de
812 3842 939 3911 itinere
958 3841 1118 3932 Spirensi

123 3956 272 4028 litteras.
322 3946 422 4020 Bene
438 3946 535 4031 vale,
560 3946 618 4014 die
635 3942 747 4014 Divae
760 3940 970 4015 Elisabetae.

687 4040 876 4150 Philippus
894 4038 1071 4116 Melanth.

961 4364 1020 4423 22.
1040 4353 1118 4417 Nor.

878 4465 880 4472 .
941 4444 1113 4474 Μ

135 4361 206 4434 No.
220 4353 333 4431 2805.
395 4298 398 4303 Ι
511 4364 515 4371 ’

127 4456 342 4492 Μ

480 4519 537 4606 Ν.
559 4517 767 4604 Medtero.

195 4704 325 4764 Beodice
338 4699 437 4757 Barsri
451 4697 515 4754 Vol.
526 4698 560 4754 ll.
574 4717 602 4771 p.
617 4697 679 4752 stt.
695 4697 767 4753 edita
778 4718 794 4754 a
805 4697 894 4756 Dans.
907 4714 950 4768 ep.
962 4694 1006 4750 26.
1039 4691 1121 4748 Nunc

228 4792 260 4831 es
273 4773 370 4829 eodem
386 4769 451 4826 cod.
465 4777 591 4822 accurate
603 4767 747 4839 descripta.

389 4920 598 4998 Nicolao
620 4916 843 4994 Medlero

62 5102 69 5115 ,
122 5049 168 5140 8.
185 5063 232 5141 D.
263 5061 479 5155 Lacrymaus
494 5059 561 5148 legi
578 5071 676 5127 tuam
693 5055 879 5148 epistolam
892 5055 936 5124 de
947 5048 1118 5122 Samuele

44 5174 53 5188 ⁶
79 5170 93 5186 ‘
121 5171 200 5242 lilio
213 5180 335 5237 nostro
351 5162 535 5252 scriptam,
552 5183 700 5252 eamque
716 5183 795 5227 cum
814 5157 850 5224 in
868 5157 1017 5251 templo,
1032 5180 1113 5224 nam

122 5272 175 5344 ibi
190 5267 318 5360 accepi,
332 5264 478 5335 caeteris
490 5262 733 5348 ostendissem,
749 5284 855 5331 nemo
871 5259 950 5343 fuit,
966 5257 1027 5354 qni
1041 5280 1113 5327 non

115 5423 340 5450 -—---·····

151 5498 184 5575 σ)
204 5491 364 5569 νωμᾶ.
377 5485 589 5564 asapia..

1168 2927 1211 2995 ad
1236 2922 1328 2996 hanc
1349 2950 1468 2995 veram
1493 2928 1789 3000 consolationem:
1817 2954 1891 3000 non
1913 2939 1965 2999 est
1989 2926 2163 3000 voluntas

1166 3025 1306 3123 patris,
1331 3036 1512 3122 :dpereat
1540 3054 1636 3098 unns
1668 3025 1710 3100 de
1733 3030 1905 3129 parvulis
1928 3020 2022 3101 ielis.
2080 3031 2162 3102 Non

1168 3153 1250 3198 casu
1272 3131 1472 3212 nascimur,
1513 3156 1578 3201 nec
1607 3147 1727 3223 putes,
1759 3158 1847 3226 ¹casu
1870 3147 2054 3205 evocatum
2088 3157 2162 3203 esse

1167 3231 1278 3299 lilium
1303 3255 1343 3298 ex
1364 3226 1430 3299 hac
1452 3234 1675 3307 mortalitate.
1734 3231 2032 3327 Obtemperemus
2052 3234 2162 3325 igitur

1167 3332 1343 3400 voluntati
1360 3327 1446 3417 Dei,
1473 3347 1506 3403 et
1535 3336 1578 3403 de
1600 3335 1652 3403 ira
1677 3336 1752 3405 eius
1770 3338 1863 3407 etde
1881 3336 2083 3427 posteritate
2100 3360 2161 3405 co·

1166 3435 1336 3522 gitemus,
1363 3458 1402 3503 ac
1427 3459 1629 3525 precemur,
1659 3452 1700 3507 ut
1726 3439 1843 3532 aliqua
1868 3451 1987 3508 tamen
2010 3439 2105 3508 bona
2126 3453 2164 3509 et

1166 3548 1257 3603 recta
1275 3532 1428 3624 ingenia
1441 3551 1564 3609 servet.
1616 3537 1813 3609 Scriberem
1829 3540 1932 3631 plura
1939 3565 1950 3626 3
1976 3540 2035 3609 sed
2062 3552 2097 3608 et
2118 3540 2162 3609 de

1166 3636 1231 3704 filii
1247 3637 1438 3706 virtutibus
1457 3651 1493 3707 et
1515 3640 1559 3706 de
1579 3640 1759 3729 republica
1774 3655 1850 3729 tam
1875 3641 1988 3709 multa
2010 3625 2100 3709 mihi
2123 3639 2163 3708 in
2262 3652 2271 3666 '

1166 3751 1322 3805 mentem
1339 3737 1498 3818 veniunt,
1526 3752 1566 3808 ut
1581 3738 1722 3828 longam
1744 3740 1852 3810 Iliada
1870 3741 1937 3810 sim
1954 3741 2162 3834 scripturus,

1168 3839 1197 3906 si
1220 3839 1340 3906 omnia
1362 3839 1525 3932 persequi
1544 3840 1683 3914 vellem.
1743 3842 1821 3928 Tu,
1855 3856 2027 3936 qnantum
2054 3855 2164 3934 potes,

1167 3962 1324 4030 repugna
1349 3941 1487 4025 dolori,
1514 3954 1549 4012 et
1571 3944 1704 4033 cogita,
1739 3959 1912 4038 quantum
1932 3941 2001 4013 Dei
2024 3946 2158 4014 donum

1167 4042 1230 4125 sit,
1257 4042 1318 4133 qui
1334 4041 1469 4125 filium,
1493 4045 1683 4113 formatum
1700 4046 1908 4116 educatione
1925 4059 1995 4128 tua,
2021 4047 2065 4115 ad
2082 4067 2162 4116 cos-

1168 4143 1253 4210 leste
1269 4166 1416 4231 regnum
1435 4147 1706 4235 praeparaveris.
1732 4146 1803 4216 Nec
1818 4171 1902 4216 vero
1919 4146 2057 4230 dubito,
2072 4146 2161 4240 quin

1168 4244 1238 4312 iam
1255 4245 1354 4313 sitin
1371 4248 1554 4335 complexu
1570 4246 1702 4316 matris.
1728 4247 1930 4317 Teneamus
1943 4248 2036 4316 enim
2053 4243 2162 4316 Chri-

1168 4347 1212 4415 sti
1227 4370 1371 4430 vocem,
1397 4347 1458 4438 qui
1483 4347 1550 4416 ait:
1577 4339 1837 4417 lindimacum
1853 4346 1925 4418 eris
1942 4345 1981 4416 s'n
1998 4342 2160 4445 paradi-

1167 4469 1218 4518 so.
1272 4443 1400 4531 Deum,
1424 4461 1604 4518 aeternum
1622 4463 1756 4538 patrem
1775 4452 1914 4520 domini
1937 4450 2050 4523 nostri
2074 4449 2102 4525 l.
2118 4448 2159 4522 C.

1168 4573 1250 4632 oro,
1274 4560 1313 4615 nt
1328 4549 1372 4616 de
1388 4563 1422 4616 et
1438 4550 1617 4618 ecclesiam
1637 4565 1732 4620 tuam
1747 4566 1872 4624 servet.
2031 4631 2035 4647 ¹
2245 4629 2247 4632 Α

1268 4645 1396 4718 Virum
1412 4652 1583 4738 gravitate
1603 4665 1636 4722 et
1657 4653 1785 4742 pietate
1811 4668 1845 4722 et
1866 4654 2067 4726 eruditione
2083 4653 2158 4729 exi·

1167 4746 1239 4819 mia
1264 4752 1462 4841 praeditum
1485 4750 1590 4821 Dom.
1605 4744 1817 4849 Carporum
1840 4747 2067 4840 Loenerum,
2091 4754 2157 4825 etsi

1167 4863 1237 4920 ate
1252 4852 1357 4921 avelli
1380 4853 1502 4938 dolen,
1529 4867 1647 4923 tamen
1672 4860 1807 4943 gaudeo
1824 4859 1946 4928 venire
1970 4859 2009 4928 in
2027 4858 2089 4928 illa
2103 4857 2158 4926 lo-

1166 4974 1226 5037 ca,
1251 4953 1313 5021 ubi
1330 4955 1450 5024 multis
1467 4956 1619 5024 ecclesiis
1644 4957 1719 5026 eius
1735 4959 1922 5049 prudentia
1946 4972 1982 5034 et
2004 4958 2159 5031 auctori-

1165 5065 1218 5120 tas
1241 5055 1375 5143 optime
1397 5057 1582 5150 profutura
1606 5072 1675 5139 est,
1702 5055 1778 5128 Deo
1806 5060 1959 5132 iuvante.
2006 5059 2062 5132 De
2081 5054 2158 5133 Do·

1164 5168 1259 5223 ctore
1273 5148 1625 5229 IoaetimoMauro
1642 5154 1680 5257 ¹³)
1698 5161 1883 5254 colloquar
1897 5163 2061 5259 equidem
2077 5185 2156 5232 cum

1166 5317 1373 5336 Μ

1196 5412 1231 5484 ¹⁸)-
1249 5414 1401 5487 Scripserat
1424 5413 1567 5470 Medleros
1588 5415 1616 5469 in
1638 5415 1753 5486 epistola
1772 5418 1799 5474 d.
1820 5417 1847 5477 d.
1870 5419 1911 5476 ts.
1931 5418 2070 5480 Novemb.
2091 5422 2158 5479 Μ

1231 5483 1419 5558 Metrodori,
1443 5503 1472 5540 ss
1494 5495 1589 5560 optare
1602 5494 1633 5540 nt
1644 5486 1675 5540 iu
1689 5485 1807 5542 benai
1819 5490 1915 5545 toea-
1930 5489 1982 5547 nst
1993 5491 2160 5562 adiungatur
