4868 6420
116 366 196 444 ω
603 443 610 450 ,
689 359 1128 441 EPISTOLARUM
1181 362 1294 439 Llll.
1327 361 1395 441 tx.
1446 363 1578 443 tata.
2079 365 2157 443 280

114 555 233 637 partes
257 538 413 611 iustitiae
436 539 525 610 mira
548 536 688 610 solertia
710 537 938 628 investigatae
952 548 1053 619 sunt,
1078 547 1113 605 et
1161 536 1229 607 bus
1244 530 1358 628 tam⁸)
1375 536 1495 628 ignota
1511 553 1602 626 erat,
1635 563 1741 635 quam
1764 564 1836 611 non
1859 540 1957 610 risus
1981 554 2033 612 est
2049 524 2155 612 nobis

114 642 309 715 deducitur
328 644 439 714 lector
462 643 506 712 ad
531 640 793 734 adspiciendam
817 654 980 711 naturam
994 634 1114 706 lromi-
1160 641 1264 731 polus
1287 633 1538 732 ἀνταρκτικός.
1605 639 1688 731 Qua
1712 642 1750 711 in
1775 668 1813 713 re
1825 639 1852 739 ⁷)
1878 658 1911 715 et
1935 643 2154 734 ingratitudo

113 745 189 832 nis,
222 760 263 816 ut
289 746 327 814 in
353 766 392 814 ea
407 747 522 817 fontes
539 743 695 815 iustitiae
707 743 914 814 consideret.
966 736 1113 810 Eminet
1160 736 1348 811 hominum
1368 744 1590 835 deploretur3
1623 768 1706 814 nam
1729 741 1982 838 propterhanc
1999 746 2154 836 diligen-

112 838 176 919 liic
189 848 309 917 brevis
323 847 468 917 libellus
485 847 578 917 inter
595 859 749 916 caeteros
767 840 989 928 Aristotelis,
1014 842 1112 911 velut
1159 843 1246 913 tiam
1279 844 1485 915 illustrandi
1517 859 1608 916 artes
1639 846 1840 939 plectimur.
1891 843 2046 920 Holmoi
2076 841 2152 947 γὰρ

112 948 264 1039 insignis
283 971 433 1040 gemma.
482 947 554 1018 Nec
574 949 771 1042 quidquam
794 933 1016 1029 aCicerorse,
1048 955 1109 1013 aut
1158 939 1257 1017 elidet
1273 939 1400 1040 χάρις,
1435 942 1650 1040 ἀμνάμονες
1672 943 1714 1022 δὲ
1734 945 1886 1045 βροτοί,
1921 950 2041 1045 inquit
2062 949 2153 1020 Pin-

111 1042 272 1120 Plalone
295 1051 335 1119 in
357 1044 425 1120 ltoc
448 1072 574 1139 genere
596 1048 784 1141 perfectius
807 1062 868 1118 aut
892 1048 1001 1136 magis
1023 1069 1108 1136 pro-
1157 1042 1324 1144 darus*).
1375 1046 1578 1120 Bene2vale.

111 1152 192 1244 prie
207 1151 376 1246 seriptum
394 1163 457 1224 est.
490 1149 673 1239 Quantum
693 1163 810 1220 autem
827 1149 969 1219 collatio
984 1143 1107 1218 Theo-
1900 1149 1994 1229 Phil,
2011 1151 2100 1228 Mel,

112 1252 206 1344 logis
233 1266 269 1325 et
294 1253 464 1325 studiosis
488 1250 580 1322 Iuris
608 1253 802 1337 conducat,
840 1251 942 1321 facile
967 1250 1107 1339 inipso

114 1378 220 1448 opere
258 1356 408 1426 studiosi
439 1355 648 1444 intelligent.
714 1348 881 1444 Optarim
915 1376 992 1435 eos,
1043 1351 1106 1444 qui

112 1453 270 1528 Graecae
285 1457 428 1548 linguae
443 1481 587 1549 operam
603 1458 709 1536 dant,
735 1479 799 1524 nec
816 1448 950 1525 habent
966 1451 1106 1524 Aristo·
1170 1508 1204 1581 N
1253 1511 1352 1584 280¹
1886 1513 1889 1521 .

110 1559 193 1629 telis
213 1559 365 1644 librum,
397 1583 460 1629 sna
481 1582 591 1628 manu
613 1555 677 1627 has
697 1556 851 1648 pagellas
867 1553 1021 1625 Graecas
1044 1556 1106 1622 dc·
1163 1536 1376 1644 *Lm
1987 1524 2148 1645 Q

109 1661 276 1735 scribere.
327 1660 445 1731 Hodie
465 1659 544 1731 Deo
564 1660 708 1729 iuvante
732 1654 820 1728 hora
841 1661 992 1727 secunda
1015 1656 1106 1723 inci·
1315 1693 1535 1783 Medlem
1564 1697 1627 1785 ad
1653 1699 1745 1785 Ml
1803 1705 1852 1788 th

108 1762 219 1853 piam.
1704 1730 1801 1785 ean
1854 1734 1990 1792 onem.

1224 1872 1262 1928 tt:
1282 1875 1435 1948 apographo
1455 1875 1484 1931 in
1504 1880 1567 1941 cod.
1584 1881 1681 1938 Bavari
1695 1883 1732 1938 ll.
1750 1902 1777 1955 p.
1789 1884 1851 1941 860.
1872 1886 1942 1941 adita
1963 1905 1978 1942 a
1993 1888 2100 1945 Damio
2118 1892 2149 1948 in

1257 1942 1390 2000 Melantli.
1410 1965 1472 2019 epp.
1490 1949 1525 2001 ad
1541 1948 1655 2030 bledler.
1669 1970 1696 2023 p.
1711 1953 1753 2007 ts.
1767 1973 1814 2009 no.
1828 1954 1931 2030 XXV.‚
1954 1976 2030 2015 nuno
2047 1978 2077 2014 er
2097 1979 2148 2016 eo·

1258 2010 1319 2065 dem
1333 2025 1458 2070 accurate
1472 2014 1615 2090 descripta.

106 2172 308 2250 No.2800.
945 2177 1028 2255 (eod.
1046 2174 1087 2251 t.)
1155 2165 1255 2242 Nic.
1280 2166 1528 2250 Medlerus
1552 2171 1608 2246 od
1631 2171 1754 2249 Phit
1780 2176 2147 2262 Melanthooem.

115 2271 289 2302 Μ
927 2264 1100 2296 *om

494 2342 543 2445 p
571 2358 722 2441 [onae.
1155 2295 1199 2386 S·
1225 2315 1271 2392 D.
1322 2318 1500 2393 Dominus
1534 2338 1655 2395 noster
1688 2323 1785 2396 Iesus
1818 2324 2000 2418 Christus,
2041 2359 2148 2407 verus

1155 2416 1222 2489 Dei
1238 2421 1312 2490 vivi
1326 2422 1440 2510 filius,
1472 2426 1617 2499 adsistat
1638 2429 1744 2498 nobis
1763 2432 1807 2498 ad
1827 2431 2005 2518 dextram,
2034 2459 2148 2531 usque

177 2543 200 2606 g
218 2536 255 2592 a.
269 2535 430 2609 apographis
449 2536 477 2590 tn
493 2534 555 2592 eod.
569 2533 652 2591 Goth.
668 2533 728 2590 191.
746 2554 772 2605 ρ.
786 2533 830 2590 51.
847 2543 874 2589 er
894 2531 922 2586 tn
945 2533 1007 2588 eod.
1023 2531 1107 2591 Goth.
1155 2522 1194 2590 iu
1209 2523 1315 2593 finem
1332 2525 1425 2596 vitae
1441 2542 1599 2614 nostrae,
1631 2544 1666 2599 ct
1678 2531 1850 2622 perducat
1864 2556 1930 2604 uos
1944 2534 1984 2603 in
1999 2561 2147 2628 regnum

213 2605 427 2739 alcala
442 2600 1107 2744 ,teletaeaestuatus:
1277 2629 1543 2727 sempiternum.
1594 2627 1722 2707 oen·

213 2746 305 2817 plioae
317 2742 629 2799 Melautbonlatraditus
649 2740 748 2813 luerit,
766 2739 932 2812 putaverim,
955 2759 1015 2794 earn
1036 2739 1107 2793 scri-
1255 2723 1444 2799 Carissimo
1472 2744 1507 2800 el
1535 2733 1842 2804 observantissime
1864 2734 2020 2806 Domine
2046 2763 2148 2830 prae-

213 2808 1107 2937 ttttttlzztttlttttzli‘leattali'ttlttatt'tt
1156 2828 1294 2943 ⁰?P20r!
1347 2828 1423 2922 Ego
1441 2858 1482 2902 ex
1499 2834 1645 2902 aedibus
1653 2835 1747 2910 meis
1768 2860 1833 2926 pro
1855 2836 2001 2908 vitando
2024 2857 2148 2915 conta-

214 2951 324 3006 nesus
1156 2950 1213 3017 gro
1237 2931 1459 3002 ad'amicum
1481 2937 1658 3027 quendam
1679 2935 1839 3007 vicinum
1848 2934 1875 3032 ¹)
1899 2941 2066 3030 migravi,
2097 2944 2148 3016 ita

380 3102 517 3180 aa.
543 3102 692 3176 101...
717 3100 828 3180 eoa.
1155 3031 2149 3230 {ttttlltttfta,¹¹‘t⁹‘..t¹¹t⁸‚‘3.¹t.‘2¹t¹¹.t“tta

106 3230 154 3326 S.
177 3247 225 3324 D.
276 3241 366 3320 Non
392 3241 619 3345 formosior,
656 3241 775 3334 inquit
808 3240 888 3324 ille,
922 3236 1107 3336 Hesperus
1155 3256 1239 3301 men
1262 3248 1357 3324 peste
1379 3253 1560 3330 correptus
1584 3239 1623 3308 in
1645 3235 1788 3312 Christo
1813 3243 2030 3317 obdormivit
2053 3248 2147 3322 lilius

107 3362 164 3425 ast
182 3347 370 3425 nntEous
391 3371 504 3445 quom
530 3341 687 3414 iustitia.
739 3341 845 3431 Quod
863 3343 1028 3435 inprimis
1045 3368 1107 3412 ve..
1155 3357 1255 3402 meus
1278 3331 1435 3407 Samuel
1460 3335 1549 3408 mihi
1574 3341 1792 3428 carissimus,
1834 3345 1897 3438 qui
1922 3361 2017 3418 certe
2048 3362 2147 3423 tanta

107 3480 191 3529 rum
215 3470 270 3525 est
288 3454 333 3523 de
355 3451 416 3519 illa
438 3473 520 3518 vera
541 3446 694 3529 iustitia,
721 3468 827 3537 quarn
845 3441 1106 3515 exhibetnobir
1154 3435 1267 3503 animi
1287 3438 1498 3511 fortitudine
1519 3457 1554 3513 et
1570 3446 1766 3513 constantia
1781 3448 1959 3535 praescius
1968 3445 1999 3545 ²)
2016 3453 2148 3523 amari-

106 3561 205 3631 blius
215 3555 303 3639 Dei,
327 3553 391 3648 qui
404 3553 509 3621 nobis
530 3552 642 3620 lactus
664 3560 718 3617 est
733 3546 904 3636 sapientia
921 3561 955 3616 et
971 3545 1107 3617 iustitia
1155 3537 1314 3607 tudinem
1332 3543 1477 3626 mortis,
1507 3542 1657 3637 loquens
1681 3570 1792 3640 usque
1815 3552 1859 3615 ad
1877 3562 2068 3622 extremum
2086 3579 2147 3626 su-

107 3660 229 3738 ffles.
276 3655 347 3729 Sed
362 3649 455 3723 hauc
468 3645 882 3742 ignorabatAristoteles.
934 3645 1008 3718 Nos
1025 3670 1106 3737 gra·
1153 3639 1321 3728 spirium,
1353 3637 1444 3711 mihi
1458 3643 1706 3730 valedicendo,
1737 3647 1882 3738 integris
1898 3646 2013 3722 adbuc
2028 3660 2147 3728 omni.

105 3768 177 3842 rias
190 3765 258 3833 deo
274 3779 440 3851 agamus,
474 3756 571 3847 quod
595 3753 640 3821 ad
663 3750 879 3839 agnitionem
898 3748 996 3818 illius
1011 3749 1105 3818 inef-
1153 3740 1219 3824 bus
1235 3744 1397 3812 sensibus
1420 3743 1520 3832 vicit,
1550 3759 1592 3816 ut
1614 3748 1731 3817 simile
1754 3751 1951 3840 exemplum
1969 3779 2034 3826 nec
2051 3758 2147 3850 lege-

104 3865 227 3941 fibilis
240 3861 347 3947 boni,
378 3856 532 3928 iustitiae
547 3847 704 3937 Christi,
729 3852 847 3922 vocati
862 3853 983 3921 suiuus
991 3845 1037 3944 ¹),
1067 3864 1105 3922 et
1151 3840 1239 3925 rim,
1265 3866 1331 3914 nec
1346 3844 1561 3928 audiverim,
1587 3865 1731 3942 excepto
1748 3846 1890 3924 Christo
1905 3853 2062 3927 Domino
2079 3887 2146 3931 no-

106 3968 336 4060 deploremus
348 3960 513 4030 tenebras
533 3951 771 4026 humanarum
795 3953 988 4035 mentium,
1017 3977 1104 4022 >curn
1151 3955 1226 4011 stro
1250 3957 1286 4015 et
1306 3942 1499 4038 Stephano.
1558 3948 1700 4020 Mecum
1732 3954 1827 4021 enim
1858 3956 1903 4024 de
1931 3961 2145 4047 gravissimis

103 4055 340 4167 Phjpowpho,
360 4048 527 4152 leffium,
564 4057 628 4151 qui
658 4057 718 4125 vix
750 4054 908 4145 exiguam
937 4055 1103 4124 umbram
1151 4045 1256 4114 rebus
1277 4061 1310 4117 et
1331 4043 1575 4142 philosophice
1597 4067 1631 4122 et
1647 4048 1843 4144 theologice
1853 4051 1900 4150 ³),
1926 4061 1971 4129 ab
1987 4055 2074 4132 hora
2090 4087 2145 4135 sa.

104 4172 219 4270 pmis
240 4167 396 4240 iustitiae
415 4160 631 4233 describunt.
688 4156 759 4228 Sed
784 4169 903 4227 tamen
927 4149 1019 4226 hanc
1040 4181 1103 4225 co-
1151 4148 1265 4216 cunda
1283 4151 1413 4234 noctis,
1444 4174 1556 4245 usque
1575 4155 1618 4221 ad
1636 4147 1762 4223 horam
1782 4158 1954 4228 decimam
1971 4177 2145 4237 anteme-

103 4270 273 4370 postem
295 4291 371 4339 non
392 4277 446 4335 est
470 4261 609 4335 inutile.
658 4256 758 4329 lltte
779 4252 1102 4353 cum')Iustin0.
1149 4247 1297 4333 ridiem‚
1328 4245 1492 4321 hesterno
1513 4256 1589 4338 die,
1621 4254 1678 4323 17.
1694 4254 1925 4344 Novembris,
1956 4288 2047 4356 quae
2068 4270 2144 4340 eiu,

101 4402 190 4450 mg„
204 4376 253 4446 ,d
267 4392 425 4443 ,morem
440 4358 665 4454 Μάιον),
695 4359 868 4446 arbitror,
900 4382 1023 4428 omnes
1043 4359 1100 4447 ὶιιτ
1149 4347 1230 4418 finis
1244 4350 1328 4435 luit,
1354 4352 1581 4424 disertissime
1598 4370 1632 4426 et
1649 4360 1922 4448 prudentissime
1939 4364 2142 4457 disputavit.

101 4480 222 4553 stitiae
237 4474 392 4568 picturas
408 4465 482 4563 te⁴)
497 4467 652 4537 libenter
666 4461 858 4554 adspicere.
906 4457 1014 4529 Mitto
1031 4460 1099 4549 igi·
1149 4446 1296 4521 Interim
1315 4476 1453 4543 semper
1467 4480 1546 4527 curn
1564 4472 1679 4528 morte
1693 4478 1874 4558 pugnans,
1908 4469 2063 4553 gaudens
2083 4495 2143 4542 ex-

101 4600 168 4657 tur
189 4592 371 4668 uteunque
390 4568 638 4640 adumbratam
654 4563 824 4634 iustitiam
839 4562 884 4632 ab
899 4557 1099 4644 Aristotele,
1147 4553 1299 4640 peclflvll
1319 4555 1470 4640 exilum,
1498 4570 1538 4626 ul
1560 4573 1694 4630 tueleta
1718 4586 1814 4630 nunc
1837 4566 2019 4654 omittam,
2052 4597 2141 4666 quae

101 4706 214 4782 quam
226 4680 346 4770 legens
360 4675 406 4743 de
421 4670 487 4741 filii
500 4668 629 4739 studiis
644 4664 831 4756 cogitabis,
856 4663 917 4756 qui
933 4657 999 4734 hac
1015 4689 1097 4733 em.
1147 4652 1339 4746 aliqnando
1363 4658 1551 4726 adiiciam·
1586 4658 1679 4731 Cum
1701 4664 1848 4736 sentiret
1871 4667 1940 4737 sibi
1962 4674 2141 4768 moripe-

102 4784 279 4859 ditissima
305 4775 469 4848 toeniae
501 4772 573 4840 iarn
584 4765 613 4864 ⁸)
643 4767 833 4849 excolitur,
872 4789 962 4858 quae
991 4765 1096 4834 nobis
1559 4765 1565 4775 '
2043 4815 2046 4819 -

99 4879 381 4962 adolescentulis.
403 4876 477 4946 illia
495 4869 698 4945 Aristotelis
725 4867 870 4937 insulsis
892 4867 1096 4957 interpreti·
1147 4871 1366 4887 “··““·“·

1179 5029 1207 5098 6)
1225 5028 1464 5089 cst'Gostntot.
1479 5041 1541 5087 tom
1551 5053 1624 5093 non.
1720 4994 1732 5049 ἰ

1178 5115 1207 5182 7)
1226 5113 1293 5187 Qua
1306 5117 1335 5169 ia
1346 5119 1390 5183 re]
1405 5117 1467 5171 eod.
1479 5115 1565 5183 Gelli.
1580 5119 1639 5188 191,
1652 5138 1707 5188 quo
1721 5121 1793 5176 siste.

134 5167 530 5296 „massinissa-sus
601 5240 614 5248 ·-
1178 5200 1209 5265 *a
1230 5199 1576 5281 risa.r.um.v1,²⁶⁸v·

132 5312 167 5375 2)
183 5306 260 5375 um]
274 5302 337 5358 eod·
351 5298 434 5355 0⁰¹5·
445 5297 507 5351 4⁰¹·
519 5312 610 5364 llum·
1179 5308 1205 5372 1)
1224 5302 1328 5357 Valent.
1344 5293 1500 5372 unarum,
1510 5315 1539 5359 ut
1552 5306 1671 5362 Bavartu
1685 5307 1741 5380 ipse
1756 5308 1785 5362 in
1800 5312 1921 5382 margine
1936 5317 2053 5375 monuit,

129 5394 163 5465 85
182 5382 586 5448 (summasunmna.
1177 5387 1206 5454 Ξ)
1223 5383 1293 5442 cot.
1311 5383 1378 5440 Bar.
1401 5388 1563 5455 praesum,
1592 5389 1668 5461 quod
1687 5389 1772 5447 Dans.
1794 5395 1908 5448 mutarit
1928 5396 1955 5452 in
1972 5406 2132 5481 praedam,

102 5078 315 5125 tud-⁸⁶3¹·-

129 5481 165 5548 4)
183 5486 212 5532 u
222 5474 297 5530 abest
308 5487 325 5524 a
336 5466 401 5525 ood-
413 5464 498 5521 0⁰¹5·
509 5463 571 5525 401·
1209 5472 1268 5508 sine
1284 5452 1352 5507 iusta
1366 5472 1454 5508 uuas.

131 5568 166 5638 ὅ)
183 5565 243 5618 ..m
255 5556 329 5612 ,gap
343 5571 359 5607 2
374 5548 438 5607 mg,
451 5545 534 5603 ω,
549 5545 609 5602 191,
1044 5563 1050 5580 ι
1176 5539 1205 5609 8)
1222 5536 1469 5682 Daapbrrgendoses
1486 5539 1675 5606 filosophos
1685 5551 1714 5597 st
1729 5502 1896 5614 emitae.
