4868 6420
192 320 268 402 ⁵⁵7

186 490 388 620 Q&

992 505 1189 630 <usu

541 693 607 781 Io.
644 692 844 810 sugetis.

251 922 252 926 Ἰ
270 857 357 913 Dans.
375 875 417 927 ep.
431 855 473 912 ts.
497 855 850 932 cod.G01h.1ssep.‚76.

194 1010 419 1089 Clarissimo
435 1012 531 1098 viro,
558 1009 808 1086 eruditiones!
824 1013 953 1087 virtute
965 1016 1186 1113 praestanti,

194 1113 290 1192 DJ
298 1114 446 1188 oanni
459 1112 686 1209 Stigelio,
706 1120 761 1213 τῷ
780 1118 878 1213 θεῷ,
901 1115 965 1192 καὶ
979 1121 1061 1201 ταῖς
1073 1123 1187 1193 Μοῦ-

496 1238 577 1299 σαις
590 1213 705 1314 eppei
719 1214 891 1316 ’φιλτάτῳ

195 1337 239 1428 S.
265 1354 311 1430 D.
360 1351 480 1423 Hodie
500 1374 637 1421 mecum
662 1351 801 1422 locutus
825 1364 878 1422 est
902 1350 1105 1425 Retinere
1126 1365 1186 1425 tua

194 1457 362 1550 pecunia,
383 1467 418 1525 et
434 1453 590 1538 ostendi,
615 1454 712 1522 unde
731 1454 823 1524 sumi
843 1454 972 1544 possit,
997 1478 1124 1547 nempe
1145 1478 1187 1526 ex

194 1559 383 1632 locationis
414 1555 576 1647 pecunia.
635 1552 718 1623 lndi
747 1555 874 1640 sumsi,
913 1568 948 1625 et
981 1557 1084 1627 mitto
1117 1556 1185 1627 tibi

196 1653 428 1732 loaehimicos
444 1655 621 1728 undecim.
653 1653 725 1725 Nec
740 1656 897 1747 disputes
912 1679 951 1727 ea
966 1659 1010 1727 de
1026 1682 1065 1727 re
1081 1653 1187 1754 ἀκρι-

193 1761 388 1859 βέστερον;
416 1760 462 1827 sis
476 1769 663 1827 contentus
681 1757 768 1827 meis
783 1757 821 1825 in
837 1759 966 1829 talibus
979 1759 1086 1830 rebus
1100 1784 1186 1830 con-

195 1866 296 1936 siliis.
345 1861 429 1936 Scio
450 1859 613 1929 omnium
636 1857 675 1926 in
700 1872 819 1929 nostra
843 1861 1099 1950 gubernatione
1121 1885 1187 1930 vo-

194 1967 349 2039 luntates
371 1963 438 2034 tibi
460 1959 688 2055 aequissimas
711 1983 796 2031 esse.
855 1959 926 2032 Sed
949 1973 1108 2055 tempora
1129 1962 1187 2031 vi-

196 2071 277 2154 des,
309 2053 400 2159 quae
421 2078 462 2135 ut
481 2087 604 2154 spero,
637 2062 744 2152 paulo
771 2075 851 2154 post
879 2076 984 2133 erunt
1007 2062 1186 2158 tranquil-

194 2171 286 2240 liora
306 2185 341 2241 et
362 2167 527 2249 laetiora,
561 2163 697 2235 etiamsi
730 2187 853 2233 omnes
879 2164 1015 2235 indocti
1043 2179 1078 2236 et
1101 2165 1187 2235 vani

194 2272 329 2365 ubique
347 2292 457 2339 novas
478 2289 557 2356 spes
571 2260 721 2350 habent,
743 2277 800 2350 et,
825 2276 866 2335 ut
886 2279 1030 2357 putant,
1053 2280 1187 2338 canunt

193 2367 365 2447 ἐπινίκια.
415 2368 469 2438 De
485 2366 643 2454 coniugis
659 2365 976 2453 commotiuncula,
1000 2391 1124 2453 unum,
1147 2380 1188 2438 ut

194 2496 316 2566 spero,
330 2463 540 2541 'suaviolum
557 2466 695 2537 sanabit
709 2468 848 2553 omnia,
874 2480 909 2538 et
925 2482 963 2539 ut
982 2483 1100 2553 sanet,
1124 2494 1187 2539 cu-

193 2599 262 2648 res.
311 2572 366 2645 De
383 2565 584 2667 Schtppero
607 2593 745 2649 coram,
773 2568 856 2661 quia
882 2594 977 2641 nunc
993 2571 1037 2640 de
1054 2570 1187 2662 stipen-

194 2677 266 2748 diis
281 2675 354 2744 illis
370 2674 490 2744 nullae
509 2683 593 2742 sunt
607 2670 893 2743 deliberationes.
943 2669 1040 2742 liene
1057 2672 1134 2742 vale
1153 2686 1188 2744 et

175 2777 331 2871 -vesperi
348 2777 393 2850 ad
413 2799 478 2845 nos
494 2775 537 2844 ad
553 2795 699 2843 coenam
713 2772 846 2843 venito.

697 2873 889 2998 Philippus
910 2901 1138 2983 Melanthon.

1074 3304 1106 3366 h.
1128 3325 1157 3365 a.

1019 3391 1191 3422 m

193 3301 265 3377 No.
280 3298 393 3392 8099.

199 3395 374 3430 w

601 3493 768 3578 Eidem.

284 3663 372 3724 Dius,
385 3675 427 3732 ep.
442 3657 484 3713 ll.
507 3654 577 3710 cot.
592 3652 679 3708 Goth.
694 3653 751 3710 188.
765 3671 809 3725 ep.
821 3652 865 3710 77.

208 3806 436 3890 Clarissimo
464 3806 562 3894 viro,
594 3800 625 3876 Ι
631 3802 777 3874 oanni
800 3800 1026 3900 Sligels‘o,
1059 3803 1178 3875 amico

248 3935 252 3944 ‘
661 3928 749 3993 soo,

196 4031 243 4125 S·
267 4047 314 4122 D.
366 4046 461 4118 Boni
478 4041 608 4115 ominis
621 4041 700 4110 loco
717 4040 889 4110 ducebam
903 4034 993 4120 beri,
1021 4042 1118 4134 quod
1132 4041 1191 4110 in·

197 4177 316 4244 gresso
339 4144 431 4219 mihi
454 4149 492 4216 in
509 4143 681 4235 oppidum
695 4165 778 4210 mox
791 4141 831 4210 in
845 4143 923 4211 soro
940 4141 1115 4234 quispiam
1131 4165 1190 4212 ex-

197 4251 319 4326 hibuit
338 4253 419 4322 illos
443 4247 664 4337 Angelorum
693 4243 836 4332 piorum
857 4238 1032 4335 Hymnos.
1083 4240 1189 4313 Dele-

143 4365 146 4368 ’
196 4370 311 4428 status
325 4379 401 4423 sum
419 4367 479 4422 tuo
498 4347 671 4428 carmine,
696 4343 735 4413 in
755 4370 826 4437 qno
841 4345 938 4412 velut
954 4343 1044 4412 vivis
1058 4345 1190 4414 colori-

196 4459 266 4529 bus
286 4438 497 4526 illuminasti
519 4447 730 4519 sententiam
757 4471 776 4513 a
800 4468 856 4513 me
872 4445 1035 4514 extremis
1051 4457 1189 4514 tautum

195 4560 303 4631 lineis
323 4556 552 4644 designatam.
603 4547 712 4617 Venit
726 4542 818 4614 mibi
843 4546 881 4614 in
904 4560 1057 4616 mentem
1071 4543 1190 4642 picto-

195 4658 252 4732 ris
275 4653 423 4740 Lucae,
451 4653 510 4724 cni
540 4645 719 4720 interdum
745 4647 997 4739 praeformatas
1018 4647 1190 4738 imagines

193 4764 337 4837 tradere
362 4757 519 4828 solebam
550 4753 589 4821 in
612 4748 752 4822 Ribliis.
804 4747 877 4818 Nec
897 4748 1037 4834 iudico,
1069 4772 1189 4819 meum

193 4863 328 4938 Pocma
351 4860 423 4930 illis
446 4854 596 4927 rudibus
617 4851 766 4944 picturis
794 4848 881 4920 meis
904 4845 1087 4940 pulchrius
1103 4875 1189 4925 esse.

192 4966 267 5040 Sed
286 4965 441 5056 gaudeo,
467 4971 501 5028 te
526 4958 621 5025 idem
645 4964 893 5040 argumentum
913 4952 1096 5022 venustius
1118 4966 1189 5024 tra-

191 5082 320 5142 ctasse.
369 5062 467 5136 Bene
480 5049 623 5151 rale.‘)
678 5051 786 5128 1544.

936 5148 1138 5248 Philippus.

194 5365 432 5387 Μ

228 5480 260 5556 ⁸)
278 5480 348 5540 cat.
360 5480 445 5539 Goth.
460 5476 549 5535 attis:
565 5475 610 5532 die
622 5474 668 5530 ω.
677 5474 756 5550 Seps.

779 316 1217 410 ueletotattu'at
1267 331 1465 414 meta.
1517 331 1648 419 1544.

2147 343 2233 424 ses

2110 449 2232 606 (aa)

2094 616 2230 647 m

1245 499 1443 630 Q.

1335 669 1347 676 ⁵
1397 703 1497 818 Cpb.
1525 707 1780 824 Meienburg
1810 708 1875 795 od
1897 722 2082 823 putrem.

1308 862 1329 932 a
1347 859 1387 916 a.
1400 862 1555 936 ...φριω
1569 862 1599 920 a.
1611 864 1674 921 esa.
1687 865 1801 924 nonas
1814 867 1859 924 so
1873 867 1989 927 never.
2000 889 2028 944 p.
2041 869 2128 928 sos».

1238 1011 1664 1189 Epistolosruescriptu
1686 1014 1798 1139 oPh.
1811 1018 1872 1099 M.
1887 1017 2065 1123 Clsphoro
2082 1019 2231 1096 Melen-

1239 1116 1411 1214 borgsoa
1451 1128 1615 1218 patrem,
1638 1116 1926 1210 Michaelem
1944 1122 2230 1221 Meienburg.

1239 1251 1463 1346 Charissime
1486 1288 1597 1368 pater.
1647 1274 1776 1350 Multis
1800 1280 2012 1353 testimoniis
2033 1282 2232 1354 illustribus

1238 1390 1340 1448 antea
1368 1372 1459 1446 mihi
1491 1378 1653 1469 cognitus
1674 1393 1726 1450 est
1749 1395 1919 1472 paternus
1942 1406 2023 1475 erga
2047 1408 2104 1454 me
2130 1406 2230 1454 amor

1239 1491 1330 1550 tuus.
1382 1476 1449 1547 llis
1464 1479 1569 1549 etiam
1583 1479 1860 1552 sollicitudinem
1878 1478 1971 1556 hanc
1993 1499 2091 1556 tuam
2106 1488 2151 1556 de
2167 1507 2230 1555 va-

1239 1580 1397 1651 letudine
1413 1605 1489 1649 mea
1506 1581 1736 1670 significatam
1749 1582 1789 1652 in
1803 1585 1973 1677 proximis
1986 1587 2099 1658 literis
2114 1587 2160 1658 ad
2174 1609 2230 1655 mc

1239 1680 1377 1772 scriptis
1399 1704 1615 1769 annumero,
1656 1682 1794 1778 tibique
1818 1709 1902 1756 vera
1925 1687 2053 1778 pietate
2082 1687 2230 1783 gratiam

1240 1777 1372 1868 habeo,
1398 1797 1566 1875 quantam
1590 1783 1709 1853 animo
1727 1786 1913 1878 concipere
1929 1813 2082 1880 possum.
2132 1788 2230 1861 Scias

1238 1898 1368 1964 autem,
1382 1881 1451 1954 Dei
1467 1884 1635 1954 beneficio
1652 1907 1710 1955 me
1723 1885 1794 1956 iam
1808 1901 1900 1959 recte
1918 1890 2053 1974 valere,
2066 1914 2105 1960 ac
2113 1886 2231 1960 Deum

1239 2011 1316 2071 oro,
1342 1998 1383 2056 ut
1397 1999 1431 2056 te
1440 2009 1480 2055 ac
1489 1981 1732 2057 charissimam
1747 2001 1895 2059 matrem
1907 2014 2035 2078 meam,
2061 1993 2231 2062 iratreset

1237 2111 1396 2158 sororem
1412 2099 1447 2156 et
1464 2109 1520 2157 me
1534 2100 1647 2157 servet
1664 2087 1878 2174 incolumes,
1903 2103 2150 2163 et'nosomnes
2166 2111 2232 2181 gu·

1238 2192 1383 2275 bernet,
1408 2201 1449 2258 ut
1464 2189 1575 2259 simus
1590 2211 1724 2280 organa
1741 2189 2004 2263 misericordiae
2020 2193 2201 2266 salutaria.

1339 2387 1394 2460 De
1416 2388 1544 2459 studiis
1569 2389 1656 2459 meis
1678 2381 1747 2461 boc
1766 2391 1946 2483 significo,
1967 2417 2024 2464 me
2047 2395 2116 2465 iam
2134 2418 2233 2463 exer-

1240 2515 1316 2563 cere
1330 2485 1664 2582 Cosmographiam,
1688 2491 1727 2562 in
1742 2516 1812 2588 qua
1827 2496 1934 2566 nudis
1957 2496 2235 2587 computationi-

1240 2597 1306 2663 bus
1321 2606 1542 2688 quaernntur
1563 2592 1751 2683 regionum
1773 2607 1808 2666 et
1831 2596 2044 2687 oppidarum
2062 2596 2235 2668 interval-

1241 2695 1291 2780 la;
1318 2695 1356 2763 in
1375 2718 1445 2788 quo
1460 2693 1625 2764 exercitio
1641 2695 1783 2766 solertia
1798 2697 1945 2767 mirifica
1960 2699 2135 2769 artificum
2147 2722 2234 2768 con-

1162 2832 1164 2836 ·
1185 2819 1188 2825 ·
1241 2796 1407 2888 spicitur,
1428 2794 1491 2888 qui
1504 2794 1691 2883 regionum
1703 2810 1815 2870 metas
1833 2797 2013 2869 acirculis
2027 2799 2235 2870 coelestibus

1243 2911 1275 2967 et
1291 2921 1311 2967 a
1327 2896 1411 2988 polo
1425 2896 1554 2967 arctico
1569 2913 1808 2988 sumpserunt.
1840 2895 2011 2990 Adiungo
2026 2913 2143 2970 autern
2162 2900 2235 2968 ele-

1243 3013 1361 3068 menta
1383 2997 1568 3068 doctrinae
1585 2991 1766 3089 sphaerae
1795 3012 1831 3071 et
1844 3000 1914 3071 alia
1935 3002 2053 3072 studia
2073 2997 2236 3094 pbiloso-

1244 3095 1348 3192 phiae
1371 3112 1405 3169 et
1429 3099 1610 3170 doctrinae
1632 3096 1833 3193 Evangelii.
1887 3099 2050 3197 Cumque
2073 3116 2169 3174 tanta
2190 3105 2236 3175 sit

1244 3200 1458 3294 reipublicae
1474 3201 1705 3292 perturbatio,
1729 3203 1892 3274 existimo
1906 3227 2003 3274 nunc
2017 3204 2161 3297 quidem
2178 3230 2236 3275 re·

1244 3304 1334 3373 etius
1349 3324 1443 3387 esse,
1468 3315 1504 3373 et
1522 3304 1567 3372 ad
1587 3302 1754 3375 virtutem
1773 3305 1915 3385 utilius,
1942 3306 2075 3376 versari
2096 3306 2135 3375 in
2161 3321 2236 3378 stn-

1244 3404 1313 3474 diis
1336 3416 1371 3473 et
1392 3403 1486 3473 inter
1502 3403 1724 3477 doctissimos
1736 3430 1844 3502 qsram
1859 3405 1946 3479 alibi
1962 3410 2057 3479 inter
2071 3395 2236 3480 hominis

1245 3500 1450 3600 prophanus
1466 3518 1501 3606 et
1516 3505 1692 3582 indoctos.

1344 3699 1400 3774 De
1420 3703 1594 3774 sodalitiis
1616 3708 1714 3801 qnod
1738 3727 1879 3790 mones,
1911 3729 2063 3798 agnosco
2078 3706 2237 3776 animam
2342 3768 2346 3775 .

1245 3820 1345 3876 tuum
1369 3816 1575 3895 paternum,
1600 3819 1636 3876 et
1657 3807 1743 3892 tibi,
1767 3820 1808 3878 ut
1830 3808 1947 3893 decet,
1972 3809 2236 3900 obtemperabo.

1244 3905 1390 3980 Retinet
1404 3917 1522 3975 autem
1543 3918 1577 3975 et
1590 3930 1646 3976 me
1661 3907 1849 4000 assiduitas
1863 3910 2083 3996 studiorum,
2107 3934 2152 3979 ne
2176 3933 2237 3979 va-
2364 3922 2369 3932 '

1243 4008 1319 4099 gari
1340 4018 1403 4078 aut
1421 4030 1589 4098 quaerere
1611 4007 1729 4078 ociosa
1750 4009 1915 4080 sodalitia
1938 4012 2081 4102 possim.
2131 4009 2180 4082 Et
2198 4009 2236 4080 in

1244 4105 1309 4180 hac
1332 4105 1508 4178 moestitia
1528 4120 1728 4201 temporum
1749 4104 1844 4179 nihil
1865 4111 2005 4183 dulcius
2020 4125 2072 4182 est
2094 4114 2167 4204 ipsa
2180 4135 2238 4182 sa-

1242 4211 1397 4302 pientiae
1420 4209 1568 4279 divinae‘
1584 4210 1888 4296 consideratione,
1911 4237 2003 4306 quae
2027 4214 2066 4281 in
2087 4237 2237 4302 evange·

1243 4313 1303 4381 lio·
1318 4324 1352 4382 et
1372 4312 1410 4380 in
1437 4304 1663 4402 philosophia
1689 4313 1914 4405 proponitur.
1964 4311 2049 4385 Alia
2071 4316 2237 4387 sodalitia

1243 4413 1375 4483 leviora
1402 4425 1506 4495 sunt,
1528 4424 1576 4502 ut
1598 4414 1655 4482 vix
1674 4413 1742 4483 ulli
1761 4438 1857 4484 nunc
1873 4438 2081 4504 congressus
2104 4419 2238 4486 sodali-

1242 4515 1373 4585 tiorum
1388 4512 1551 4583 sintsine
1569 4512 1746 4605 perieulis.
1795 4514 1907 4607 Saepe
1934 4517 2043 4607 igitur
2069 4511 2134 4589 hos
2157 4545 2237 4589 ver·

1240 4639 1299 4686 sus
1314 4610 1405 4684 mihi
1420 4615 1495 4705 ipse
1509 4615 1635 4687 recito:
2025 4624 2056 4649 ’”“

1326 4763 1414 4826 Nulli
1436 4763 1535 4827 iscius
1558 4771 1590 4824 ts
1609 4761 1738 4827 nimium
1759 4764 1913 4850 sodalem,

1324 4847 1481 4914 Gaudebis
1501 4846 1604 4912 ninus
1624 4861 1653 4912 ss
1673 4849 1773 4914 ninus
1794 4851 1924 4916 dolebis.

1241 4982 1304 5054 Me
1327 4997 1448 5056 tamen
1467 4985 1573 5057 etiam
1596 4963 1793 5058 admonitio
1811 5000 1872 5059 tua
1896 4988 2101 5078 gravissima
2124 4990 2238 5080 magis

1242 5087 1421 5171 movebit,
1445 5099 1485 5157 ut
1508 5087 1548 5156 in
1567 5088 1703 5159 delectu
1719 5101 1754 5161 et
1767 5112 1960 5183 congressu
1971 5090 2146 5162 sodalium
2169 5093 2237 5163 sim

1242 5188 1476 5261 cunctantior.
1525 5185 1625 5260 Bene
1639 5189 1730 5266 vale.
